2461 3876
704 131 756 188 53.
787 129 1295 204 Februari121794:
1795 147 1866 207 25

118 207 344 276 dedotto
394 207 439 262 il
452 206 667 263 surletto
693 211 930 281 capitale
954 230 974 275 5
1011 208 1296 286 vogliamo
1322 201 1421 259 che
1464 202 1639 258 debha
1663 204 1865 262 libera-

120 298 304 341 mente
326 285 477 345 dorsi
500 322 520 352 ,
557 303 588 339 e
619 303 723 340 con
733 289 989 364 seffltarsi
1010 284 1353 340 all'oratrice
1374 280 1583 336 Chiam
1607 282 1657 332 F
1654 289 1866 346 erettim'

128 363 426 435 Fortunati
464 367 526 416 in
561 365 719 437 ctjmo
757 383 788 418 e
817 364 1044 421 sollievo
1090 362 1229 416 delle
1255 367 1489 434 proprie
1524 361 1819 436 incltyenze
1847 400 1864 416 .

129 437 196 500 ln
224 441 628 500 executionem
661 439 898 508 hujusce
942 439 1318 515 chirographi
1359 437 1665 512 assignavit
1715 437 1870 504 Rea-

134 517 293 571 tinus
320 514 643 591 Episcopus
670 529 891 591 partem
925 513 1475 589 hereditariipraedii
1504 519 1562 570 in
1591 514 1879 581 vocabulo

129 591 483 649 (ambianen
520 633 540 663 ‚
577 594 780 650 valoris
802 605 1095 651 scutorum
1126 594 1289 664 1484.
1320 595 1468 668 33&
1499 630 1521 658 ‚
1583 594 1880 666 anuuique,

125 667 350 729 reditus
387 682 685 727 scutorum
707 690 803 742 4¹.
826 693 922 747 33.
964 674 1023 726 in
1048 669 1242 725 dotem
1274 670 1619 744 capellaniae
1641 709 1659 736 ‚
1699 688 1878 742 quam

125 747 266 821 erigi
307 745 630 804 mandavit.
672 748 754 803 At
778 747 1032 806 secundo
1066 747 1434 801 pontificium
1479 745 1697 801 Solium
1741 746 1882 806 adiit

128 822 302 881 Clara
319 823 408 893 ,ἃ
429 844 531 897 per
552 828 888 899 rescriptum
905 825 1017 881 diei
1040 824 1260 898 16.Julii
1280 822 1536 890 ejusdem
1553 826 1685 878 anni
1711 825 1875 898 ¹732.-

127 901 466 974 impetravit
488 904 980 979 insupergratiam
1007 938 1028 969 ‚
1066 914 1133 965 nt
1149 902 1196 955 si
1227 906 1370 954 inter·
1393 898 1541 958 filios
1570 899 1626 956 ds
1645 900 1876 961 descen--⁴

122 977 316 1040 eleates
336 978 476 1036 ,Orat
487 981 615 1036 ricis
642 981 853 1053 aliquis.
880 997 1034 1034 nime
1073 974 1143 1036 6⁶
1189 983 1551 1051 inposterum
1574 984 1881 1047 reperiatur

127 1053 362 1115 idoneus
383 1057 656 1114 Sacerdos
683 1094 703 1123 ‚
740 1064 798 1111 in
819 1055 1113 1113 collatione
1131 1051 1473 1130 Capellaaice
1493 1051 1563 1118 ab
1580 1052 1878 1108 ordinario

125 1132 367 1189 Reatino
392 1172 414 1202 ‚
451 1133 520 1192 ὄσ
543 1134 615 1190 ab
632 1134 759 1189 aliis
779 1171 799 1200 ‚
838 1133 920 1187 od
933 1149 1075 1203 quos
1125 1129 1340 1206 dejure
1369 1131 1647 1205 pertinere
1672 1138 1883 1202 poterit-

114 1211 220 1282 jus
242 1209 561 1279 conferendi
574 1210 882 1285 praefatam
911 1208 1296 1285 Capellaniam
1323 1246 1346 1278 ‚
1381 1212 1573 1264 ceteris
1594 1212 1882 1266 extraneis,

127 1284 520 1344 Sacerdotibus
530 1288 875 1362 praeferatur
894 1324 909 1341 .
996 1324 1001 1328 -
1085 1344 1087 1346 ,
1720 1332 1726 1349 s

50 1361 184 1420 Hoc
212 1360 360 1420 freta
387 1366 670 1437 rescripto
698 1402 717 1431 ‚
762 1366 931 1438 petiit
958 1360 1124 1421 Clara
1164 1365 1234 1421 ab
1256 1363 1539 1438 Episcopo
1560 1363 1886 1429 institutio-

125 1458 265 1498 nem
291 1441 500 1498 Clerici
546 1441 762 1499 Nicolai
791 1443 1096 1507 Fortunati
1144 1443 1270 1508 ejus
1292 1443 1400 1497 filii
1435 1439 1504 1495 ad
1544 1439 1881 1514 erigendam

128 1517 524 1588 capellaniam
545 1556 565 1588 ‚
592 1520 656 1574 in
677 1517 1061 1579 exclusionem
1084 1516 1406 1575 Sacerdotis
1427 1519 1670 1576 Ferretti
1692 1521 1881 1591 primo
1932 1534 1961 1583 13n

125 1615 160 1661 a
201 1594 520 1655 Testatrice
584 1599 866 1662 nominati
904 1616 920 1650 ε
988 1594 1090 1651 sed
1135 1597 1483 1651 contrariam
1529 1596 1882 1650 sententiam

121 1689 289 1748 passa
335 1712 365 1741 ,.
392 1672 465 1730 ad
508 1672 743 1731 obitum
789 1673 1081 1746 acquievit
1121 1672 1367 1729 Ferretti
1411 1682 1723 1743 sequutum
1769 1688 1878 1724 an-

123 1767 209 1808 uo
237 1752 398 1828 1784.
438 1749 608 1808 Tunc
645 1768 781 1807 vero
821 1766 1006 1823 quum
1047 1749 1116 1810 ἄη
1159 1747 1539 1820 capellanum
1585 1745 1882 1819 elegissent

121 1827 481 1902 Capitulares
503 1824 871 1882 Sacerdotem
896 1824 1207 1900 josephum
1252 1824 1412 1900 Sorgi
1437 1860 1458 1891 ‚
1496 1825 1791 1897 proprium
1827 1822 1891 1884 ἃ,

123 1903 296 1962 Clara
314 1904 635 1960 nominavit
659 1902 842 1966 filium
865 1918 1149 1957 annorum
1188 1912 1334 1957 tnnc
1356 1897 1658 1957 tresdecim
1680 1935 1700 1967 ,
1740 1917 1886 1972 sup·

124 1981 482 2057 plicavitque
527 1978 900 2036 Sanctis-simo
927 1995 1030 2054 pro
1078 1979 1510 2035 confirmatione
1546 2013 1561 2031 .
1606 1975 1664 2030 ld
1687 1978 1890 2050 ipsum

126 2056 339 2116 deinde
362 2075 466 2115 suo
485 2060 732 2113 nomine
757 2059 924 2133 petiit
957 2053 1212 2112 Clericus
1232 2055 1497 2113 Nicolaus
1516 2093 1536 2121 ,
1574 2055 1882 2127 precibus-

123 2153 242 2212 que
284 2133 356 2192 ad
399 2132 630 2191 Sacram
673 2134 820 2192 banc
861 2133 1378 2211 Congregationem
1423 2132 1675 2189 remissis
1698 2169 1719 2200 ,
1759 2148 1886 2188 rem

127 2226 318 2274 totam
337 2211 446 2269 ΕΒ.
468 2210 686 2269 Vestris
712 2214 974 2287 exposuit
1001 2212 1319 2285 Episcopus
1337 2248 1358 2279 ‚
1374 2227 1661 2283 suumque
1677 2219 1886 2265 votum

127 2292 191 2346 in
206 2289 330 2348 haec
370 2308 522 2347 anno
546 2308 566 2343 1
582 2288 708 2363 786.
740 2290 966 2362 aperuit
985 2289 1191 2344 verba:
1234 2287 1358 2345 Hoc
1381 2306 1560 2343 unum
1584 2299 1833 2360 repetam
1861 2323 1885 2355 ,

127 2367 422 2425 Oratorem
450 2405 469 2436 ,
505 2366 624 2422 sive
657 2368 761 2441 qui
774 2384 799 2420 e
800 2369 906 2442 jus
926 2372 1151 2422 nomine
1183 2366 1300 2443 qqit
1317 2403 1338 2433 ‚
1374 2383 1433 2421 se
1465 2363 1890 2420 insatiabilem...

128 2443 412 2501 ostendere
452 2450 513 2498 in
534 2441 640 2498 hoc
664 2444 891 2522 negotio
914 2480 935 2510 ‚
972 2442 1187 2517 sibique
1209 2442 1508 2504 vindicare
1545 2441 1684 2497 velle
1725 2439 1888 2517 quod

128 2523 235 2595 ipsi
256 2520 412 2576 nulla
430 2520 648 2575 ratione
665 2527 924 2593 competit
951 2559 966 2574 .
1012 2519 1238 2594 Quoties
1261 2537 1400 2574 vero
1417 2519 1565 2574 bona
1587 2557 1606 2583 ,
1645 2538 1744 2573 seu
1768 2518 1894 2573 La«

128 2595 374 2669 &jandiu
387 2613 499 2669 pro
520 2595 721 2652 Missoe
743 2596 1092 2672 quotidianoe
1111 2597 1478 2666 ,celebratione
1499 2601 1557 2648 in
1577 2599 1699 2670 ejus
1711 2607 1882 2667 pote-

128 2688 325 2731 statem
351 2678 705 2747 pervenerint
721 2709 741 2740 ‚
764 2674 956 2727 statim
979 2671 1260 2727 deteriora
1284 2688 1528 2728 evasura
1553 2710 1572 2735 ,
1611 2685 1672 2725 ut
1696 2671 1757 2725 ἱη
1787 2672 1881 2726 ηἰ-

126 2749 306 2808 hilum
327 2751 455 2821 fere
486 2747 825 2804 reducantur
848 2786 872 2818 ‚
922 2749 981 2804 in
1005 2749 1398 2805 detrimentum
1423 2746 1838 2817 Desunt-corum
1862 2786 1885 2817 ,

130 2845 374 2905 quorum
403 2827 680 2904 stiffi-agia
722 2833 831 2882 cito
874 2831 934 2879 in
963 2840 1253 2901 posterum
1278 2827 1601 2882 minuentur
1623 2864 1642 2896 ,
1681 2821 1733 2880 d?
1768 2825 1883 2880 Te-

128 2907 366 2962 stari-icis
403 2905 665 2960 voluntas
709 2902 938 2963 omnino
981 2905 1166 2958 inanis
1225 2901 1296 2963 ὅσ
1313 2903 1595 2970 fraudata
1637 2903 1842 2959 evadet·
1862 2941 1880 2955 .

128 2983 255 3063 Iam
278 2985 433 3038 enim
452 2998 556 3055 pro
572 2993 900 3054 paupertate
918 2977 1080 3037 famil
1100 2983 1170 3037 iae
1192 2980 1497 3038 Fortunati
1525 2983 1594 3036 ‘in
1632 2980 1883 3037 deterius

131 3062 455 3134 peritorum
475 3058 812 3114 testimonio
857 3056 1069 3115 abierat
1109 3058 1300 3131 portio
1317 3055 1639 3113 Latifundii
1674 3056 1886 3113 tradita

131 3134 321 3197 Clarae
363 3139 424 3194 in
471 3134 917 3208 exequutionem
964 3134 1244 3190 pontificii
1292 3133 1667 3210 Chirographi
1693 3172 1711 3189 .
1755 3134 1887 3190 Post

132 3211 474 3274 diuturnum
497 3210 732 3268 tandem
756 3210 1008 3283 plurium
1029 3229 1181 3266 anno
1192 3230 1320 3266 rum
1341 3212 1628 3268 silentium
1649 3209 1890 3278 ,Vestro

132 3307 290 3346 nunc
310 3289 525 3362 judicio
546 3290 652 3345 sub
674 3287 1046 3361 infrascriptis
1062 3288 1196 3344 Dub
1216 3290 1286 3342 iis
1305 3288 1601 3344 subiicitur
1627 3288 1809 3346 Causa
1828 3327 1846 3344 .

53 3363 268 3442 Agitur
291 3369 479 3441 primo
520 3364 592 3424 de
617 3368 903 3423 erectione
928 3364 1285 3439 Capellaniae
1306 3403 1325 3432 ,
1369 3381 1619 3438 eamque
1642 3368 1886 3422 omnino

130 3441 452 3500 faciendam
472 3440 772 3503 contendit
791 3440 1051 3499 Clericus
1075 3443 1412 3499 Fortunati.
1454 3443 1705 3514 Primum
1741 3444 1801 3498 in
1824 3441 1886 3497 id

106 3521 110 3529 “
131 3515 381 3597 desumit
401 3534 805 3600 argumentum
825 3538 895 3578 ex
909 3514 1251 3654 demanda&
1266 3538 1367 3596 per
1384 3519 1704 3586 Antoniam
1727 3519 1884 3653 Peli-si

1769 3616 1801 3656 e
1824 3615 1888 3656 e-

63 2878 91 2927 l
