2461 3876
691 125 785 166 20.
803 107 941 180 sulii
972 117 1144 184 1793:
1728 130 1830 184 ¹91

74 196 103 268 (
133 190 397 263 Rornae)
438 184 509 245 arl
533 189 993 244 nominationem
1037 183 1320 243 heredum
1364 181 1795 244 ficluciariorum
1817 229 1840 259 ‚

74 273 129 324 ὅ(
156 273 211 322 in
250 287 449 323 eorum
473 265 810 335 defectum,
847 264 1107 337 ejusdem
1138 261 1393 319 Sodalitii
1417 262 1546 318 delli
1571 264 1839 323 Sctcconi.

75 347 252 422 Quod
294 365 364 402 ex
412 345 631 418 reliqua
681 363 822 401 vero
865 355 1186 413 superesset
1232 340 1545 397 hereditate
1586 381 1606 408 ,
1646 345 1840 398 consi-

71 426 234 500 gnari
256 423 554 481 mandavit
576 424 876 498 Philippo,
917 421 972 474 ὅ(
1010 420 1254 500 Josepho
1303 420 1497 475 Pacini
1537 423 1653 474 suis
1693 438 1841 475 con-

74 505 408 576 sanguineis
436 542 452 558 .
492 503 638 560 Duae
660 501 748 558 his
778 500 1015 559 fuerunt
1059 518 1275 556 sorores
1296 539 1316 564 ,
1360 496 1530 552 Anna
1570 499 1790 555 scilicet
1816 537 1839 568 9

76 578 133 632 ὅ(
160 578 477 657 Margarita
499 620 518 652 ‚
557 597 689 656 quae
714 581 906 652 nupsit
930 577 1141 634 Carolo
1181 577 1472 632 ssecchetti
1494 613 1514 643 9
1555 593 1622 632 ac
1647 577 1842 650 plures

74 662 243 713 exeo
283 662 501 734 peperit
535 661 680 716 filios
711 698 726 715 .
768 658 1066 730 Philippus
1102 673 1239 709 vero
1279 657 1338 708 in
1382 672 1620 709 uxorem
1665 653 1834 711 duxit

74 731 459 793 Elisabetham
481 735 727 795 Guarini
747 734 1019 792 Civitatis
1033 730 1259 808 Vigiliae
1283 735 1340 785 in
1357 729 1569 804 Apulia
1590 770 1607 799 ,
1627 731 1678 785 ὅ(
1704 749 1842 788 con-

74 811 280 868 stituto
297 818 356 871 in
381 818 528 873 illius
549 817 729 894 patria
755 811 1048 871 domiciiio
1071 847 1093 883 2
1131 821 1247 866 tres
1267 811 1471 885 genuit
1502 810 1789 866 masculos
1818 847 1842 880 ‚

77 886 345 948 foeminas
367 892 508 949 (luas
525 934 541 950 .

0 960 271 1026 obtinuit
319 969 636 1048 Margarita
678 989 831 1027 auno
881 968 1052 1045 1776.
1113 966 1601 1040 assignamentum
1647 976 1841 1019 scuto·‹

70 1061 204 1103 rum
226 1065 321 1120 50.
372 1047 442 1106 cle
468 1054 657 1126 legato
679 1064 1004 1120 pauperum
1026 1083 1045 1114 ‚
1087 1042 1354 1116 illudque
1392 1053 1523 1116 post
1549 1041 1675 1111 ejus
1703 1042 1834 1117 obi-

71 1130 205 1177 tum
231 1130 580 1199 consequuti
627 1124 865 1181 fuerunt
899 1123 999 1178 filii
1038 1120 1109 1178 ad
1136 1123 1318 1177 vitam
1350 1159 1365 1174 .
1407 1117 1504 1173 Ad
1549 1136 1845 1175 assumen-

70 1194 216 1255 dum
255 1202 439 1259 immo
466 1205 796 1279 religiosum
815 1203 1078 1258 habitum
1100 1237 1120 1269 ,
1161 1210 1418 1274 quatuor
1444 1198 1703 1270 primum
1732 1214 1844 1251 an—

68 1293 149 1333 no
179 1278 346 1350 1786.
381 1301 398 1346 ;
443 1280 767 1351 deindeque
815 1298 966 1335 anno
996 1297 1164 1354 ¹790·
1198 1278 1308 1332 alia
1342 1273 1460 1330 cluo
1498 1274 1844 1347 impetravit

67 1350 285 1410 dotalia
311 1357 556 1416 subsidia
593 1368 894 1413 scutorum
917 1375 1010 1432 25.
1058 1353 1246 1409 Maria
1272 1352 1507 1426 Aloysia
1535 1349 1846 1406 Becchetti

67 1428 334 1500 ejusdem
375 1432 705 1511 Margaritae
752 1433 866 1488 filia
898 1471 913 1487 .
974 1433 1150 1486 Anna
1193 1446 1394 1483 rursus
1447 1427 1639 1483 Pacini
1688 1428 1846 1482 illius

70 1524 231 1562 soror
259 1525 443 1566 unum
470 1510 750 1586 praedic-to
777 1527 930 1565 anno
962 1507 1136 1582 1786.
1185 1502 1259 1561 ad
1288 1507 1474 1560 vitam
1497 1503 1704 1559 habuit
1731 1502 1842 1557 do-

66 1585 183 1638 tale
206 1585 523 1643 subsidium
549 1599 849 1645 scutorum
872 1604 965 1661 25.
996 1624 1015 1654 ,
1057 1584 1433 1653 alterumque
1480 1599 1634 1636 auno
1662 1581 1838 1655 1789.

67 1659 139 1715 ad
169 1662 344 1719 vitam
375 1668 585 1735 pariter
635 1665 809 1721 Anna
848 1665 1035 1721 Maria
1064 1662 1258 1718 Pacini
1305 1659 1401 1714 del
1433 1659 1635 1735 Drago
1663 1697 1677 1712 .
1720 1657 1844 1712 Eli·-

66 1738 266 1793 sabeth
310 1740 546 1796 tandem
573 1740 817 1799 Guarini
859 1742 1035 1799 vidua
1088 1737 1345 1809 Philippi
1388 1734 1584 1790 Pacini
1615 1735 1845 1807 suppli-

65 1817 226 1869 cavit
252 1835 404 1872 anno
433 1839 452 1872 1
469 1820 600 1894 785.
646 1839 753 1893 pro
774 1821 1016 1875 cumulo
1041 1827 1297 1889 quatuor
1322 1809 1707 1867 subsidiorum
1736 1808 1845 1864 do-

63 1891 271 1946 talium
289 1912 392 1965 per
418 1894 773 1954 decennium
798 1898 997 1955 favore
1023 1895 1150 1961 ejus
1177 1891 1427 1947 filiarum
1454 1926 1473 1957 ‚
1515 1887 1567 1943 6<
1593 1889 1846 1963 assigna·

62 1982 268 2024 mento
304 1971 475 2044 legati
523 1993 845 2050 pauperum
897 1991 1007 2048 pro
1048 1971 1176 2026 filiis
1228 1968 1537 2023 omnibus.
1579 1966 1672 2020 Ob
1692 1983 1845 2040 pen-

62 2043 324 2101 dentiam
370 2063 512 2101 vero
558 2053 676 2108 ntis
709 2055 769 2108 in
798 2052 968 2109 Sacra
1013 2046 1478 2121 Congregatione
1526 2046 1679 2100 inter
1706 2059 1846 2098 exe-

63 2134 294 2178 cutores
344 2122 807 2179 testamentarios
853 2159 874 2187 ‚
912 2127 976 2184 δι’
1012 2125 1308 2191 legatarios
1352 2119 1569 2195 prodiit
1603 2118 1675 2177 acl
1722 2121 1849 2194 pri-

66 2216 229 2254 mam
253 2199 587 2254 instantiam
615 2200 956 2270 rescriptum
981 2235 1001 2264 9
1039 2210 1372 2269 expectetur
1413 2200 1606 2253 exitus
1635 2196 1847 2252 Cctusce

68 2282 132 2330 in
151 2277 332 2331 Sacra
354 2276 845 2355 Conquegcttionm
885 2284 1158 2348 optatum
1209 2275 1468 2332 secunda
1492 2276 1694 2332 habuit
1721 2274 1850 2330 exi-

71 2363 202 2406 tum
233 2391 251 2421 ‚
290 2353 660 2427 obtinuitque
707 2354 825 2407 suis
850 2350 983 2406 filiis
1024 2348 1314 2406 Elisabeth
1341 2366 1537 2403 annua
1556 2365 1723 2410 scuta
1749 2369 1849 2424 50.

73 2427 357 2504 delegato
384 2449 707 2501 pauperum
754 2448 889 2486 cum
933 2428 1062 2497 iure
1097 2429 1252 2482 inter
1296 2444 1394 2481 eos
1438 2428 1804 2483 accrescendi
1830 2467 1850 2486 .

73 2504 252 2560 Scuta
276 2507 448 2578 igitur
471 2517 707 2560 centum
732 2542 753 2571 9
779 2525 915 2576 quae
939 2503 1205 2560 distribui
1233 2505 1545 2575 quotannis
1562 2501 1849 2558 deberent

75 2584 226 2636 inter
270 2598 552 2653 pauperes
600 2618 619 2645 ‚
674 2585 856 2650 aequis
902 2575 1168 2653 partibus
1208 2578 1495 2652 assignata
1523 2589 1662 2633 sunt
1702 2576 1840 2632 filiis

75 2657 410 2732 B'largaritae
428 2694 448 2722 ‚
488 2655 544 2710 8<
569 2657 904 2711 Elisabethae
927 2693 946 2709 .
984 2655 1068 2709 Ex
1088 2667 1340 2727 quatuor
1367 2652 1603 2708 dotibus
1639 2652 1844 2710 distri-

48 2734 326 2801 ,buendis
371 2737 525 2807 inter
544 2752 825 2807 pauperes
863 2731 1084 2807 puellas
1111 2731 1416 2799 romanaS,
1457 2729 1601 2785 duas
1640 2729 1713 2786 ad
1759 2732 1849 2786 vi-

79 2826 203 2869 tam
253 2811 516 2867 obtinent
568 2811 736 2865 Anna
773 2811 975 2866 Pacini
1025 2847 1046 2875 ‚
1103 2808 1155 2862 ὅ(
1206 2807 1376 2864 Anna
1414 2805 1602 2862 Maria
1645 2808 1848 2863 Pacini

79 2892 173 2945 del
217 2891 459 2966 Drc1903
501 2890 748 2964 aliaeque
789 2886 1092 2963 propterea
1133 2882 1266 2943 dnae
1304 2896 1613 2942 remanent
1649 2885 1846 2942 distri-

86 2966 334 3023 buendae
364 3004 379 3018 .

8 3043 338 3101 instantiam
371 3042 546 3107 modo
590 3055 826 3100 renovat
863 3043 1150 3099 Elisabeth
1178 3041 1419 3102 Guarini
1458 3037 1564 3116 pro
1590 3041 1846 3115 assigna-

85 3126 240 3178 tione
269 3136 514 3193 quatuor
535 3122 774 3177 Dotium
816 3122 941 3186 ejus
962 3122 1182 3176 filiabus
1223 3119 1296 3175 ad
1322 3117 1677 3173 decennium
1704 3155 1720 3171 .
1761 3115 1848 3173 At

86 3203 139 3254 ei
162 3201 234 3254 R.
263 3201 323 3254 Ρ.
355 3202 425 3254 D.
454 3199 686 3253 Bussius
734 3198 1160 3254 administrator
1200 3195 1535 3253 hereditatis
1562 3194 1838 3251 Pelucchi

86 3275 417 3333 adversatur
438 3319 452 3331 .
494 3277 662 3333 Licet
683 3295 934 3347 namque
962 3275 1527 3349 consanguinitatem
1566 3273 1841 3329 admittat

89 3353 329 3411 filiarum
355 3356 628 3412 Oratricis
647 3354 1095 3410 cumTestatore
1115 3349 1455 3419 ‚absurdam
1478 3362 1676 3407 tamen
1701 3360 1838 3406 ce'n‘-

87 3444 176 3484 set
205 3447 447 3503 quatuor
468 3432 693 3488 dotium
709 3434 1051 3504 petitionem
1074 3433 1145 3485 ob
1170 3448 1364 3487 earum
1392 3448 1592 3498 unam,
1612 3428 1666 3484 ὅ(
1691 3428 1842 3482 alte-

91 3526 212 3565 ram
234 3511 571 3586 assignatam
593 3509 785 3570 Annae
830 3509 1030 3569 Mariae
1060 3511 1255 3570 Paeini
1277 3546 1299 3579 ,
1335 3510 1392 3566 ἃ
1411 3508 1600 3569 Annae
1627 3504 1838 3637 Magae

1776 3600 1840 3637 a-
