2461 3876
751 186 806 249 8,
833 184 1116 242 Februarii
1144 195 1316 260 1794·'
1822 206 1893 264 35

175 260 438 331 quinque
464 278 565 333 pro
614 261 867 336 qualibet
903 264 1132 319 honesta
1153 256 1629 336 oppidi‘puella3
1667 278 1797 335 quae
1836 268 1896 322 in

167 330 516 393 Monasterio
537 338 888 397 educationis
910 357 1075 395 causa
1103 348 1357 395 maneret
1401 357 1421 402 ;
1459 334 1895 415 subsidiumque

164 406 357 468 dotale
387 428 676 471 scutorum
703 416 1037 491 quindecim
1091 434 1194 489 pro
1232 414 1487 489 qualibet
1525 416 1782 471 nubente
1833 421 1895 474 in

163 486 417 545 Domitio
441 532 458 558 9
499 493 556 547 <Sc
581 505 875 550 scutorum
902 496 1155 566 quinque
1177 511 1280 565 pro
1327 489 1581 547 nubente
1618 494 1676 547 in
1717 510 1893 549 saecu·

162 564 222 618 lo
251 586 265 620 ε
290 568 442 641 quod
465 565 771 643 profanum
795 567 1112 625 subsidium
1139 568 1209 625 ad
1246 580 1409 624 scuta
1459 570 1758 643 ampliavit
1796 564 1895 628 vse-

165 652 327 714 ptem
357 663 463 717 pro
485 648 598 701 suis
639 647 1071 722 consanguineis
1099 651 1156 700 in
1183 647 1357 701 tertio
1377 684 1396 711 9
1435 646 1490 703 ἃ
1524 657 1730 719 quarto
1763 665 1894 723 gra..

168 717 291 786 du;
327 721 396 775 ad
424 734 591 780 scuta
634 725 966 797 quindecim
985 741 1088 794 pro
1126 722 1330 794 puellis
1370 723 1758 778 honestiorum
1810 724 1898 779 fa-

165 797 458 854 miliarum
488 820 505 866 ;
548 799 604 856 ἃ
632 803 701 855 ad
722 813 882 856 scuta
898 799 1100 874 viginti
1128 817 1230 870 pro
1254 799 1506 868 qualibet
1527 799 1723 855 favore
1742 798 1896 856 Mar-

169 877 369 949 garitae
401 915 419 943 9
460 877 512 931 6<
537 876 819 935 Nicolinae
847 875 1088 931 filiarum
1110 875 1332 949 josephi
1360 875 1610 930 Bernetti
1634 913 1653 942 9
1692 878 1894 951 ilqaa-

163 951 215 1004 Ie
230 970 266 1006 a
286 972 374 1007 me
390 954 439 1007 Ie
460 955 831 1010 raccomanclb
856 992 875 1016 9
912 969 943 1004 e
959 971 1065 1026 per
1090 949 1362 1028 ayt-zarda
1382 970 1589 1005 ancora
1613 952 1706 1005 del
1736 956 1794 1007 cli
1819 956 1894 1008 lo·

161 1046 227 1084 ro
259 1030 492 1099 fratello
540 1032 798 1088 Gaetaao
845 1030 1090 1087 Bernetti
1107 1068 1127 1099 9
1168 1047 1206 1085 a
1251 1034 1340 1087 cai
1363 1045 1502 1083 sono
1545 1046 1758 1084 ancora<
1801 1032 1893 1086 oh-

158 1104 364 1185 bliqato
381 1146 397 1164 .
486 1109 506 1152 f

89 1178 415 1240 Novissimo
443 1187 550 1239 isto
575 1185 810 1241 allectus
834 1184 1019 1263 legato
1046 1222 1066 1252 9
1107 1183 1420 1240 subsidium
1448 1185 1769 1257 superstitis
1795 1201 1892 1238 so·-

164 1262 306 1318 soris
348 1259 684 1338 Margaritae
724 1266 754 1339 ζ
777 1264 891 1334 jam
921 1264 1077 1317 enim
1108 1266 1354 1335 innupta
1393 1260 1634 1316 decessit
1673 1261 1893 1317 Nicoli-

161 1337 294 1412 na)
331 1340 608 1412 ampliare
657 1343 886 1396 curavit
935 1338 1251 1408 Caietanus
1278 1339 1540 1394 Bernetti
1578 1338 1892 1394 Causarum

157 1427 435 1490 patronus
473 1419 535 1471 in
583 1417 737 1474 Urbe
782 1455 802 1486 9
864 1416 1335 1491 supplicavitque
1381 1416 1742 1470 Sanctissimo
1788 1433 1894 1487 pro
1922 1476 1925 1477 ⁷

158 1493 427 1567 ampliori
472 1510 697 1550 summa
723 1507 1022 1550 scutorum
1055 1509 1186 1549 200.
1235 1512 1305 1548 ex
1331 1491 1531 1548 eadem
1575 1491 1898 1548 hereditate

161 1569 445 1639 Luciani9
483 1572 543 1626 in
570 1583 658 1626 tot
680 1572 885 1643 saltem
914 1583 1064 1627 ratas
1091 1608 1111 1638 9
1152 1583 1212 1623 ut
1238 1586 1524 1625 assumere
1548 1581 1735 1643 posset
1769 1571 1895 1635 ejus

158 1664 316 1703 soror
360 1650 740 1704 monasticum
777 1649 1039 1704 habitum
1070 1685 1090 1714 9
1126 1664 1234 1719 pro
1262 1664 1380 1718 qno
1421 1647 1541 1716 ipse
1568 1648 1750 1716 impar
1775 1655 1896 1702 erat

161 1724 237 1779 ob
261 1736 565 1798 paternum
589 1725 777 1781 alieno
817 1743 940 1781 aere·
960 1725 1235 1778 obrutum
1274 1722 1687 1794 patrimonium
1712 1759 1731 1786 9
1759 1736 1895 1793 pro-

157 1801 475 1875 priumque
499 1801 867 1877 conjugalem
891 1811 1108 1854 statum
1134 1837 1149 1851 .
1194 1797 1464 1854 Precibus
1512 1814 1650 1850 vero
1699 1796 1766 1851 ad
1788 1796 1894 1850 Sa·-

73 1907 76 1911 ·
161 1893 323 1932 cram
358 1877 506 1934 hanc
552 1875 1077 1953 Congregationem
1123 1876 1376 1930 remissis
1393 1913 1413 1938 ‚
1455 1872 1647 1927 retulit
1673 1871 1898 1926 Firma-

161 1969 277 2008 nus
300 1952 788 2027 Archiepiscopus
816 1992 836 2022 9
854 1971 990 2022 *non
1018 1950 1194 2009 modo
1239 1949 1609 2026 Margaritam
1658 1948 1899 2004 Moma-

160 2029 302 2086 Iium
323 2032 639 2088 institarum
665 2031 931 2105 amplecti
950 2030 1092 2086 velle
1112 2067 1133 2097 9
1171 2030 1276 2087 secl
1297 2036 1481 2102 reipsa
1505 2027 1584 2082 acl
1598 2026 1898 2083 habitam...

145 2108 276 2183 jam
294 2108 475 2182 faisse
502 2108 811 2164 admissam
835 2127 855 2176 ;
895 2096 1172 2181 qnodque
1198 2106 1303 2161 clos
1327 2143 1346 2173 9
1384 2122 1514 2179 qua?
1538 2104 1647 2159 hac
1666 2105 1735 2158 cle
1756 2122 1899 2158 cau-

156 2202 226 2241 sa
266 2196 387 2241 erat
402 2185 787 2260 persolvenda
813 2223 832 2253 9
871 2185 932 2240 in
954 2187 1207 2238 nammis
1241 2183 1563 2259 quiaqeazis
1588 2195 1664 2236 est
1704 2180 1900 2254 proefi-

157 2263 283 2319 nita
309 2300 332 2331 9
369 2263 539 2319 solvit
552 2263 833 2336 pecunias
857 2268 1015 2336 ipsas
1042 2259 1249 2316 Orator
1280 2279 1300 2326 3
1337 2278 1486 2335 quas
1507 2272 1694 2312 tamen
1720 2277 1834 2312 non
1859 2277 1899 2313 a

151 2340 505 2414 patrimonio
528 2358 631 2395 sao
657 2341 896 2413 sumpsit
939 2336 966 2413 [
989 2337 1152 2414 qaod
1175 2341 1449 2417 exiguam
1484 2349 1563 2390 est
1581 2354 1590 2361 “
1607 2333 1897 2409 multoque

152 2429 474 2493 gravatam
497 2435 610 2473 cere
634 2416 862 2492 alieno]
904 2418 1009 2471 sed
1022 2427 1248 2490 partem
1271 2415 1414 2469 dotis
1440 2450 1459 2481 9
1498 2430 1673 2488 quam
1700 2418 1749 2467 ei
1774 2412 1899 2466 tulit

160 2509 312 2548 uxor
332 2531 352 2563 9
388 2496 449 2550 in
467 2496 717 2551 eamdem
743 2506 975 2550 causam
1007 2492 1263 2571 erogavit
1283 2531 1297 2546 .
1325 2491 1398 2546 Et
1419 2509 1450 2545 a
1472 2507 1578 2543 suo
1610 2491 1898 2545 abstinens.

160 2579 339 2638 voto,
378 2571 657 2643 quasdam
679 2571 935 2626 exhibuit
965 2568 1487 2624 animadversiones
1517 2562 1892 2620 Administra-

160 2656 356 2702 torum
381 2645 710 2702 heredita-tis
732 2684 751 2713 9
791 2646 846 2699 ὅ(
871 2644 1155 2699 Canonici
1181 2644 1434 2700 Bernetti
1461 2639 1766 2715 (Oratoris
1782 2642 1895 2696 fot·

160 2739 264 2779 san
286 2727 481 2797 patrui
504 2724 535 2796 )
572 2724 782 2796 quibus
805 2722 1059 2795 petitum
1081 2731 1325 2778 tuentur
1347 2755 1378 2790 „
1407 2718 1463 2773 ὅ(
1489 2717 1745 2775 vicissim
1770 2719 1886 2772 im·-

162 2812 428 2878 pugnant
450 2799 766 2856 subsidium
792 2838 813 2854 .

86 2864 453 2934 Testimonio
472 2878 705 2955 Joannis
722 2875 962 2933 Rinaidi
1003 2892 1267 2933 annuum
1301 2870 1631 2930 canonicus
1667 2867 1886 2928 adm-it-

165 2957 242 3012 tit
276 2956 535 3012 Oratoris
560 2955 817 3011 reditum
837 2955 897 3010 in
920 2955 1103 3010 scutis
1137 2972 1197 3008 11
1214 2972 1264 3007 1.
1290 2989 1309 3021 9
1333 2971 1366 3007 a
1392 2949 1670 3015 collectis,
1695 2948 1749 3002 ὅ(
1773 2967 1893 3021 pas·

161 3032 299 3089 sivis
336 3034 599 3089 censibus
624 3032 906 3098 liberum;
946 3032 1087 3088 licet
1107 3049 1244 3086 eum
1265 3027 1777 3084 Administratores
1804 3043 1897 3080 as-

159 3121 355 3168 serant
379 3113 439 3166 in
462 3111 641 3166 scutis
674 3127 695 3162 1
706 3126 804 3182 50..
828 3108 1023 3179 Preter-
1043 3108 1189 3164 hanc
1217 3123 1355 3161 vero
1375 3142 1396 3174 9
1443 3105 1539 3159 vel
1557 3102 1713 3156 illam
1749 3103 1894 3157 certi

163 3185 386 3245 reditus
407 3203 693 3244 summam
712 3222 734 3254 9
770 3182 1095 3242 habendam
1118 3193 1356 3240 censent
1382 3178 1895 3235 Administratores

165 3266 446 3322 tationem
487 3269 658 3322 avitae
678 3260 830 3318 dotis
850 3299 872 3332 9
907 3279 1043 3335 quae
1066 3278 1172 3334 pro
1196 3256 1512 3314 medietate
1562 3254 1762 3310 saltem
1790 3253 1896 3312 de·-

161 3337 338 3398 betur
352 3340 685 3418 Margaritae
712 3379 733 3406 9
775 3339 829 3394 δι
855 3336 927 3395 de
963 3337 1183 3411 duplici
1226 3333 1482 3390 Oratoris
1507 3349 1648 3407 spe3
1688 3347 1894 3388 conse·

167 3417 386 3490 quendi
407 3420 631 3476 scilicet
657 3435 728 3472 ex
746 3413 1001 3492 quadam
1046 3410 1338 3489 pendente
1370 3412 1472 3467 lite
1514 3427 1631 3465 non
1655 3417 1895 3465 tenuem

164 3496 434 3568 pecuniae
450 3496 572 3552 vim
597 3532 619 3563 9
659 3493 715 3549 ἃ
741 3496 1021 3570 pinguem
1046 3487 1377 3567 grandaevae·
1405 3488 1528 3558 ejus
1571 3485 1768 3540 amitae
1789 3484 1893 3540 he·-

164 3567 516 3652 tssditatemi
553 3571 704 3634 ultra
733 3570 792 3628 id
818 3606 840 3646 9
879 3565 1150 3702 quodEin
1194 3562 1427 3643 agendis
1453 3562 1651 3624 Causis
1693 3561 1889 3618 lucra-
