2461 3876
725 148 811 203 17·
839 128 1085 208 Augu-311⁸
1114 136 1281 208 1793}
1761 157 1868 195 2¹01

114 212 292 268 ..etiam
313 204 627 265 fundarunt
644 209 1017 279 capellaniam
1044 248 1060 263 .
1102 209 1230 264 Hoc
1279 168 1479 262 orgine
1517 216 1536 274 5
1575 222 1709 269 curn
1750 235 1870 285 quo

119 307 232 346 non
294 284 566 339 convenit
595 283 685 338 ille
755 283 1102 340 Monialium
1135 287 1193 339 in
1243 284 1507 357 precibus
1556 299 1812 346 servatus
1848 330 1868 360 ‚

111 362 334 439 singula
353 373 709 434 exponentur
736 400 749 414 .
797 360 1052 416 Primum
1096 365 1269 437 igitur
1307 380 1376 421 ex
1415 362 1614 434 legatis
1659 366 1865 421 Laico·
1936 412 1939 415 ,

104 458 245 497 sum
287 438 536 511 duplicis
580 437 917 511 quotidiani}
946 437 1139 496 Missae
1180 457 1317 495 cum
1350 452 1521 493 cautu
1546 479 1565 507 ‚
1605 457 1867 500 auctores

111 519 281 576 habet
302 514 654 572 Fundatores
672 515 1008 572 Monasterii
1029 516 1265 575 Petrum
1292 515 1576 572 Gonzalez
1594 517 1664 574 de
1679 519 1868 590 Leon,

101 597 356 667 ejusque
371 611 608 650 uxorem
630 592 876 649 Mariam
892 593 1234 651 Hernandes
1261 593 1531 649 Coronel.
1581 593 1867 674 Legatum

107 673 221 732 hoc
246 688 348 746 per
369 673 821 728 transactionem
847 687 984 726 cum
1010 669 1313 725 heredibus
1342 670 1737 729 Fundatorum
1769 693 1861 730 re-

107 747 357 806 ductum
377 747 510 818 fuit,
531 766 644 821 qua
666 745 938 803 facultate
960 765 1075 803 non
1104 759 1349 812 constat,
1372 746 1441 801 ad
1469 750 1862 820 quoticlianam

104 824 349 884 Missam
375 844 550 881 uuam
576 843 712 882 cum
737 837 908 881 cantu
935 861 954 891 ‚
993 841 1107 898 que
1134 825 1417 884 celebrata
1437 845 1660 898 semper
1696 828 1808 883 fuit
1833 868 1854 897 ‚

108 903 166 962 ,ἃ
193 904 514 964 celebratur
536 942 556 972 ‚
594 903 884 958 nonnullis
917 919 1020 974 per
1039 898 1461 956 Monasterium
1485 906 1734 974 acceptis
1758 906 1863 960 bo-

106 984 201 1038 nis
234 1019 254 1050 ‚
313 999 564 1055 quorum
611 979 827 1037 reditus
864 981 1154 1052 ignoratur
1190 1014 1206 1029 .
1249 974 1574 1032 Secundum
1616 979 1862 1051 duplicis

106 1058 533 1117 hebdomadalis
554 1057 744 1113 Missae
766 1057 931 1113 lectae
961 1053 1135 1111 indie
1162 1052 1428 1108 Sabbathi
1454 1092 1473 1123 ,
1511 1055 1568 1109 ὅ(
1617 1054 1863 1131 duplicis

105 1154 314 1194 annuae
331 1133 520 1191 Missae
543 1151 675 1188 cum
705 1149 876 1188 cantu
903 1171 922 1201 ‚
963 1132 1198 1204 reliquit
1248 1129 1435 1185 Maria
1481 1131 1696 1188 Salinas
1724 1153 1863 1190 cum

102 1209 242 1267 dote
266 1229 454 1267 annua
479 1209 664 1266 adhuc
683 1229 744 1264 su
754 1221 1087 1285 per-extante
1121 1209 1564 1280 hispaniensium
1581 1213 1861 1286 regalium

105 1305 200 1349 ΞΘ.
224 1325 244 1357 ,
283 1307 384 1345 seu
410 1291 559 1344 scuti
586 1292 761 1342 unius
788 1299 1038 1341 monetae
1056 1303 1306 1344 romanae
1323 1304 1426 1358 pro
1448 1286 1677 1362 singulis
1720 1285 1861 1344 Mis-

102 1368 332 1422 siacum
356 1378 574 1433 cantu;
614 1366 682 1425 56
708 1365 989 1441 regalium
1013 1380 1069 1433 4.
1097 1401 1115 1429 ,
1156 1381 1254 1417 seu
1285 1363 1583 1417 obolorum
1623 1383 1714 1420 20.
1753 1385 1860 1439 pro

103 1443 269 1500 lectis
286 1482 306 1513 ,
331 1461 464 1517 quae
488 1461 786 1513 nunquam
807 1442 1107 1496 celebratae
1131 1452 1406 1511 apparent
1428 1477 1446 1505 ‚
1484 1439 1552 1497 δεῖ
1579 1443 1638 1495 in
1664 1460 1863 1499 earum

100 1519 293 1579 forsan
318 1520 512 1576 locum
531 1520 906 1581 substitutum
941 1528 1024 1575 est
1039 1518 1491 1577 anniversarium
1514 1535 1617 1590 pro
1644 1518 1859 1576 Anima

101 1594 477 1655 Fundatricis
520 1636 535 1654 .

33 1670 234 1738 Tertio
272 1673 581 1731 Misaarum
621 1691 713 1749 250
778 1674 949 1730 certis
994 1672 1293 1749 designatis
1333 1670 1728 1740 annidiebuS,
1769 1690 1865 1729 an-

105 1769 363 1826 nuaeque
403 1751 596 1809 Missae
633 1769 770 1807 cum
809 1763 981 1806 cantu
1029 1789 1050 1820 ‚
1109 1751 1164 1804 ὅ(
1218 1753 1488 1804 nocturni
1531 1753 1675 1803 intra
1704 1761 1862 1804 octa-

100 1846 239 1886 vam
299 1830 564 1883 omnium
624 1828 962 1882 Sanctorum
1012 1865 1032 1894 ‚
1098 1825 1299 1882 dotem
1363 1828 1679 1896 quotannis
1722 1827 1862 1880 assi-

96 1908 306 1985 gnavit
365 1904 636 1962 Therasia
673 1904 959 1960 Martinez
1006 1904 1454 1975 hispaniensium
1515 1902 1862 1957 ducat-orum

99 2002 237 2051 203,
274 2000 375 2038 seu
403 1994 699 2041 scutorum
733 2001 821 2036 11.
846 2001 947 2055 pro
971 1980 1148 2036 Missa
1176 1999 1311 2036 cum
1339 1992 1517 2035 cantu
1545 2019 1565 2047 ,
1588 1978 1645 2036 ὃς
1686 1985 1863 2035 trium

98 2061 385 2130 realium,
425 2079 526 2118 seu
567 2061 715 2116 obol.
753 2074 841 2134 15.
884 2078 992 2133 pro
1034 2057 1227 2114 Missis
1270 2059 1431 2113 lectis
1457 2097 1471 2113 .
1513 2057 1683 2114 Extat
1729 2057 1867 2112 fun-

98 2136 209 2195 dus
233 2136 407 2208 hujus
465 2140 635 2215 legati
657 2139 716 2193 in
741 2140 919 2193 scutis
960 2139 1095 2211 465.
1119 2175 1141 2206 ‚
1180 2138 1355 2191 annui
1405 2132 1621 2190 reditus
1664 2147 1862 2190 scuto-

99 2234 235 2273 rum
278 2234 368 2287 14.
421 2217 518 2292 85.
594 2214 772 2271 Missa
807 2233 946 2271 cum
985 2228 1160 2271 cantu
1188 2252 1208 2283 ‚
1248 2214 1303 2267 ὅ(
1347 2226 1696 2268 nocturnum
1765 2228 1881 2267 ce·-

99 2291 436 2349 lebranturz
479 2293 673 2350 Missae
701 2294 870 2349 lectoe
899 2292 1152 2353 reductae
1226 2301 1362 2346 sunt
1414 2288 1484 2344 ad
1510 2308 1594 2365 15.
1636 2291 1765 2361 Qua
1794 2289 1867 2343 de

101 2385 270 2426 causa
294 2409 317 2440 ‚
355 2389 543 2444 quave
580 2374 914 2428 auctoritate
934 2371 1076 2426 latet
1100 2410 1115 2426 .
1160 2367 1375 2443 Quarto
1412 2387 1620 2424 annuae
1671 2365 1866 2422 Missae

105 2460 246 2504 curn
282 2461 458 2505 cantu
513 2447 758 2505 fundum
822 2450 1126 2504 constituit
1197 2447 1438 2523 Ioannes
1505 2443 1756 2501 Mendee
1784 2463 1867 2500 re-

101 2522 318 2597 galium
362 2524 456 2579 82.
487 2563 507 2591 ‚
567 2544 668 2580 seu
714 2538 1007 2580 scutorum
1031 2546 1085 2594 4.
1117 2544 1203 2578 10.
1258 2526 1316 2578 in
1351 2523 1600 2594 singulos
1642 2538 1862 2585 annos;

98 2596 204 2654 sed
227 2600 301 2654 ob
323 2601 701 2655 imminutum
724 2600 972 2657 reditum
1015 2601 1274 2674 capitalis
1305 2617 1374 2654 ex
1393 2599 1580 2670 Regia
1604 2596 1866 2671 Pragma-

95 2675 237 2744 tica,
251 2693 382 2751 quae
406 2676 623 2734 fructus
643 2695 922 2734 censuum
943 2677 1167 2733 reduxit
1191 2675 1262 2731 ad
1276 2686 1439 2730 scuta
1457 2676 1563 2729 tria
1589 2689 1697 2745 pro
1721 2690 1873 2746 quo-

97 2748 243 2811 libet
301 2757 640 2811 centenario
683 2792 704 2822 ‚
756 2755 1011 2809 consistit
1057 2753 1230 2809 modo
1302 2750 1517 2806 reditus
1565 2751 1624 2804 in
1673 2749 1868 2827 regali-

97 2828 207 2886 bus
231 2849 325 2905 49.
349 2849 486 2888 cum
510 2830 755 2886 dimidio
781 2869 800 2899 ‚
839 2850 939 2886 seu
967 2832 1147 2886 scutis
1163 2848 1218 2884 2.
1246 2846 1341 2904 47.
1364 2832 1403 2900 {-
1429 2866 1444 2881 .
1491 2829 1620 2881 Post
1642 2832 1868 2882 trienne

95 2907 342 2978 hujusce
366 2910 536 2984 legati
560 2908 1083 2983 adimplementum
1108 2910 1314 2962 omissa
1352 2905 1467 2961 fuit
1502 2903 1820 2959 celebratio
1844 2943 1863 2970 ,

95 2989 246 3060 quin
268 2985 339 3042 de
358 2990 577 3042 ratione
602 2998 825 3042 constet
861 2986 1184 3041 omissionis
1207 3023 1222 3038 .
1266 2984 1565 3039 Francisca
1615 2978 1865 3035 Mauexo

92 3061 371 3120 fundavit
416 3071 675 3138 quintum
718 3061 1142 3117 hebdomadalis
1187 3059 1380 3115 Missae
1423 3098 1442 3127 ,
1505 3058 1864 3129 aliarumque

102 3152 237 3200 octo
259 3145 485 3198 statutis
525 3143 659 3196 anni
703 3139 901 3194 diebus
928 3177 947 3207 9
990 3138 1044 3192 ὅ(
1086 3144 1371 3212 assignato
1407 3135 1639 3208 capitali
1684 3132 1865 3190 duca-

102 3212 301 3274 t'orum
327 3219 463 3275 600.
513 3237 610 3275 seu
633 3227 931 3274 scutorum
959 3232 1093 3290 330.
1121 3216 1297 3269 annui
1321 3224 1464 3267 tunc
1511 3209 1727 3267 reditus
1771 3228 1864 3267 re„

102 3294 319 3369 galium
346 3317 478 3373 330.
503 3335 523 3365 ,
563 3313 666 3351 seu
717 3307 1014 3351 scutorum
1062 3294 1149 3348 16.
1193 3310 1284 3365 50.
1311 3329 1328 3357 ,
1369 3289 1513 3344 solvi
1557 3287 1862 3343 mandavit

107 3371 536 3449 eleemosynam
562 3373 824 3428 ‘duorum
873 3370 1147 3445 regalium
1176 3407 1192 3434 ‚
1234 3385 1332 3423 seu
1386 3367 1600 3420 obolor.
1650 3379 1735 3420 10.
1760 3384 1865 3437 pro

103 3447 359 3520 qualibet
380 3452 554 3507 Missa
579 3487 598 3518 ‚
640 3451 921 3524 reliquam
949 3463 1232 3502 summam
1252 3446 1512 3500 attribuit
1559 3440 1859 3496 monaste-2

101 3530 225 3585 xio,
270 3526 458 3587 Missae
487 3532 608 3588 istae
630 3547 747 3588 uon
793 3527 1148 3585 celebrantur
1172 3560 1192 3590 ,
1233 3524 1640 3599 ignoraturque
1679 3522 1860 3607 ornis-

1086 3601 1214 3678 Cfflc
1755 3614 1865 3650 sio-

1719 3746 1756 3767 κ,
