2518 3876
593 2513 638 2549 99

679 162 792 221 208
930 230 933 232 η
1293 163 1382 216 16.
1430 158 1678 243 Augusti
1727 175 1921 239 ¹794&

670 276 716 310 9,
756 234 1078 317 Yglesiense
1102 273 1121 305 9
1161 237 1434 310 equidem
1457 257 1569 295 non
1593 237 1763 298 video
1786 280 1804 308 9
1844 259 1946 302 cur
1970 243 2163 303 omnia
2191 246 2423 320 penitus

672 351 718 386 99
755 317 990 390 antiqua
1018 317 1204 391 legata,
1231 313 1408 371 deleri
1432 315 1673 377 debeant
1695 355 1710 370 .
1735 317 1868 373 Esto
1891 360 1910 385 ‚
1936 319 2259 400 deperditos
2287 328 2420 379 fuis.

673 428 721 463 99
760 410 819 449 se
843 392 1054 449 fundos
1083 392 1105 460 9'
1147 393 1492 451 imminutos
1517 394 1736 451 reditus
1766 435 1785 463 9
1809 396 1879 454 <3⁶
1904 400 2190 474 ingentem
2218 400 2424 457 Missa-

675 505 721 542 ,9
761 487 889 529 rum
924 487 1122 549 13595.
1149 488 1460 533 numerum
1486 472 1655 551 longe
1676 472 1947 530 excedere
1970 476 2225 549 Capituli
2252 500 2423 546 vires,

675 584 721 617 99
760 545 1055 601 obscuram
1081 565 1316 626 quoque
1333 569 1448 607 esse
1473 569 1670 607 earum
1692 554 1971 632 originem
1996 593 2013 618 ‚
2059 555 2226 610 latere
2276 561 2424 614 inter:

674 659 722 697 99
761 622 971 679 blactas
993 661 1013 700 9
1033 624 1084 678 δι
1113 628 1295 683 tineas
1317 626 1721 687 fundationum
1748 628 2123 689 monumenta
2147 652 2161 687 z
2196 651 2423 688 verum*

675 737 720 771 99
761 712 951 759 tamen
980 720 1114 758 curn
1140 723 1208 758 ex
1236 708 1493 777 superius
1519 709 1758 767 narratis
1797 722 2160 783 compertum
2200 710 2267 762 sit
2291 751 2308 776 ,
2335 711 2425 767 dt-

671 813 721 849 99
763 776 996 834 midiam
1019 793 1246 853 partem
1271 779 1549 838 bonorum
1577 822 1597 851 9
1641 803 1773 858 quae
1801 803 1957 843 nunc
1975 784 2224 860 possidet
2244 784 2423 860 Capi·

673 891 720 926 99
764 855 951 911 tulum
973 876 1041 917 ex
1070 861 1180 935 piis
1225 860 1622 936 largitionibus
1655 857 1962 922 conflatam
1987 882 2106 919 esse
2128 903 2146 930 9
2184 881 2426 935 aequum

672 969 719 1005 99
756 930 987 990 videtur
1011 973 1030 1002 9
1060 947 1124 992 ut
1147 940 1322 993 etiam
1347 938 1576 995 dimidia
1599 959 1726 1012 pars
1746 939 2040 995 fruc-tuum
2062 980 2080 1006 9
2104 945 2203 1013 qui
2229 960 2295 996 ex
2325 944 2426 996 iis-

672 1047 720 1082 ,9
762 1009 895 1066 dem
921 1011 1085 1069 bonis
1107 1016 1506 1089 percipiuntur
1531 1055 1550 1084 9
1586 1032 1889 1091 erogentur
1936 1021 1994 1072 in
2017 1018 2426 1093 adimplemen·

670 1124 713 1160 ,9
756 1100 883 1141 turn
906 1087 1264 1162 legatorum,
1314 1093 1808 1165 quemadmodum
1847 1099 1902 1149 in
1934 1095 2276 1171 praecedenti
2306 1097 2440 1160 Du-v
2469 1102 2480 1112 ”

672 1201 725 1234 ,9
750 1164 847 1217 bio
873 1163 1260 1223 demonstravi
1285 1207 1300 1223 .
1344 1169 1554 1226 Statim
1581 1176 1736 1227 enim
1778 1175 1981 1246 aliquis
2007 1187 2176 1232 restat
2204 1172 2424 1229 reditus

670 1277 717 1312 ,9
755 1257 953 1297 eorum
979 1242 1259 1301 bonorum
1288 1285 1306 1314 9
1351 1266 1483 1320 quae
1527 1251 1618 1321 pia
1663 1252 1961 1306 liberalitas
1991 1252 2419 1307 Defunctormn
2474 1272 2476 1275 ’

673 1353 721 1389 ,9
762 1319 818 1371 in
843 1322 1228 1392 expiationem
1280 1325 1619 1380 Animarum
1664 1346 1895 1383 suarum
1936 1329 2161 1400 reliquit
2191 1367 2211 1394 9
2261 1329 2422 1384 nullo

673 1433 720 1468 ,9
760 1395 934 1451 modo
975 1399 1155 1475 legata
1196 1398 1432 1458 delenda
1474 1416 1607 1458 sunt
1635 1444 1653 1471 9
1693 1405 1789 1460 sed
1833 1411 2020 1482 potius
2050 1403 2374 1460 reducenda
2400 1444 2420 1460 .

591 1537 592 1540 Ἴ
671 1511 717 1546 ,9
757 1472 1102 1532 Reductioni
1124 1481 1278 1536 enim
1307 1499 1425 1536 non
1455 1483 1801 1560 abrogationi
1830 1503 2059 1538 causam
2086 1482 2418 1556 suppeditat

673 1589 718 1626 99
760 1548 1195 1612 decrementum
1242 1556 1531 1614 redituum
1582 1598 1602 1627 9
1642 1564 1742 1633 qui
1770 1561 1993 1618 fuerant
2042 1580 2146 1634 pro
2173 1578 2420 1615 onerum

676 1667 721 1700 99
760 1630 1141 1704 implemento
1167 1637 1472 1710 assignati,
1515 1640 1705 1711 inquit
1752 1638 2094 1696 Benedictus
2118 1635 2268 1693 XIV.
2318 1642 2421 1692 ὶη-.

677 1743 724 1776 ,,
764 1705 855 1759 lib.
892 1727 978 1784 ¹3·
1023 1712 1094 1766 τῖε
1111 1711 1337 1786 szstzoclo
1359 1715 1596 1770 Diceces.
1625 1735 1749 1789 cap.
1796 1718 1895 1771 ult.
1930 1736 2086 1772 mem.
2110 1717 2200 1771 28.
2234 1755 2247 1769 .
2291 1713 2420 1770 Hac

672 1821 715 1857 9.
760 1784 930 1854 igitur
952 1792 1266 1841 constituta
1297 1792 1716 1868 regula9ambigi
1747 1797 2122 1866 nequit9quin
2146 1793 2418 1864 Capitulo

674 1898 720 1931 99
762 1859 1069 1935 Yglesiensi
1092 1864 1279 1935 aliqua
1307 1869 1374 1921 sit
1405 1867 1751 1943 indulgenda
1774 1870 2076 1927 Missarum
2117 1869 2373 1925 reduc-tio
2392 1887 2414 1934 ’;

673 1976 718 2007 ,,
758 1955 893 1992 nam
917 1940 1159 2012 capitale
1192 1942 1457 1997 librarum
1489 1944 1692 2021 77735.
1717 1985 1735 2013 9
1774 1947 1929 2021 quod
1958 1949 2152 2020 priscis
2185 1957 2414 2018 tempo-

670 2052 715 2084 9,
756 2015 912 2068 ribus
933 2016 1253 2087 possidebat
1275 2038 1340 2074 ex
1368 2023 1478 2093 piis
1509 2022 1790 2078 Fidelium
1842 2023 2237 2100 largitionibus
2266 2061 2282 2089 9
2320 2027 2415 2079 vix:

671 2128 714 2160 99
754 2089 921 2146 hodie
947 2107 1168 2150 constat
1192 2095 1343 2151 libris
1364 2113 1571 2172 42000.
1598 2137 1615 2165 9
1634 2100 1676 2151 si
1702 2100 1859 2166 juxta
1890 2102 2232 2172 propositam
2257 2119 2285 2154 a
2315 2120 2409 2155 me

668 2205 713 2240 ,9
757 2167 1133 2240 divisionem,
1170 2183 1357 2229 totum
1385 2188 1669 2246 quantum
1717 2190 1799 2231 est
1825 2175 2082 2247 Capituli
2133 2180 2412 2248 patrimo-

669 2283 718 2316 99
759 2247 919 2301 nium
948 2265 1061 2302 non
1089 2249 1365 2307 excedens
1406 2250 1574 2306 libras
1602 2253 1811 2323 84000.
1842 2291 1862 2321 9
1901 2252 2160 2307 bifariam
2188 2249 2409 2306 divida-

648 2359 715 2392 ³9
757 2333 852 2375 tur
878 2361 896 2389 9
942 2321 1179 2381 dimidia
1198 2342 1358 2400 parte
1384 2349 1587 2385 mas-sce
1613 2331 1962 2387 dotcttionum
1992 2368 2011 2398 9
2034 2328 2212 2384 altera
2235 2327 2412 2385 dimi-

676 2398 768 2454 dia
799 2401 906 2471 piis
927 2398 1310 2477 adimplendis
1336 2406 1534 2485 legatis
1554 2408 1831 2481 assignata
1859 2448 1870 2461 .

678 2476 853 2532 Porro
878 2490 1071 2532 autem
1117 2481 1238 2537 haec
1280 2484 1475 2558 iugens
1501 2482 1788 2539 redituum
1836 2485 2208 2551 imminutio,
2255 2484 2410 2539 nullo

668 2592 713 2625 99
754 2553 1183 2611 Canonicornm
1231 2562 1369 2614 vitio
1416 2563 1559 2616 verti
1587 2573 1808 2633 potest3
1852 2562 1947 2618 sed
1975 2565 2165 2635 potius
2211 2579 2279 2614 ex
2307 2561 2421 2616 hu?

665 2668 712 2702 ,9
751 2633 932 2688 manis
958 2634 1447 2691 vicissitudinibus
1472 2637 1812 2712 repetenda,
1858 2658 1996 2712 quas
2035 2640 2180 2695 inter
2203 2643 2405 2711 praeci-

663 2746 709 2780 ,9
750 2726 865 2781 pue
886 2713 1171 2766 numerari
1199 2728 1435 2785 possunt
1476 2735 1753 2775 censuum
1785 2716 2099 2773 debitorum
2148 2717 2285 2771 fides
2316 2721 2406 2771 in-

664 2824 710 2857 „
750 2787 956 2851 trac-ta·‚
995 2780 1298 2861 profligata
1321 2791 1612 2846 fruc-tuum
1643 2793 1910 2851 librarum
1936 2795 2166 2852 circiter
2194 2795 2398 2849 28000.

666 2901 712 2934 99
751 2882 780 2917 a
808 2861 1153 2937 Magistratu
1179 2867 1483 2942 Yglesiensi
1527 2867 1790 2943 exigendi
1829 2890 1999 2942 spes;
2054 2889 2344 2927 usurarum
2369 2891 2402 2927 e

668 2979 713 3012 99
754 2943 1015 2994 censibus
1080 2943 1581 3017 percipiendarum
1630 2948 1786 3024 Lege
1832 2949 2009 3024 Regia
2056 2956 2189 3004 antii
2237 2949 2397 3024 1768.

661 3055 707 3088 ,9
749 3016 975 3073 decreta
1017 3018 1343 3074 imminutio
1377 3060 1396 3088 9
1443 3023 1687 3097 aliaeque
1736 3025 1970 3081 demum
2013 3043 2180 3096 cause
2208 3063 2225 3090 9
2259 3043 2399 3094 quas

661 3132 707 3163 ‚9
751 3097 874 3150 tuse
901 3108 1160 3151 recenset
1182 3097 1497 3172 Episcopus
1546 3105 1601 3156 in
1626 3121 1724 3156 sua
1768 3102 2199 3167 informatione9
2231 3103 2396 3169 cnjus

661 3209 704 3242 ‚9
744 3173 1085 3244 particulam
1135 3178 1395 3248 superius
1429 3181 1696 3251 exscripsi
1738 3178 2398 3257 z'n§.lnterr09c11115nu-

661 3283 705 3315 99
742 3267 880 3302 mer.
909 3271 959 3326 7.
991 3289 1005 3304 .
1050 3251 1247 3326 ltaque
1273 3254 1314 3305 si
1341 3253 1461 3308 haec
1489 3255 1803 3311 fundorum
1831 3296 1850 3324 9
1886 3257 2292 3328 redituumque
2317 3257 2395 3322 ja-

662 3359 706 3391 „
749 3335 905 3380 ctura
933 3366 952 3391 9
983 3328 1135 3382 nulla
1186 3332 1430 3404 contigit
1466 3331 1884 3388 Canonicorum
1931 3331 2098 3400 culpa
2146 3370 2164 3397 9
2206 3353 2394 3405 neque

661 3435 705 3469 ‚9
747 3400 858 3452 ulla
897 3401 1293 3462 Fundatorum
1321 3407 1601 3464 hereditas
1647 3409 1977 3477 compellari
2017 3406 2178 3464 hodie
2205 3424 2393 3480 potest

660 3512 709 3545 9,
747 3473 815 3527 ad
841 3482 1323 3547 compensandam
1371 3481 1668 3540 fructuum
1694 3484 2074 3559 deficientiam
2117 3488 2147 3560 (
2171 3485 2239 3542 de
2264 3487 2391 3541 fun-

663 3589 710 3623 99
748 3547 1074 3609 dationibus
1110 3559 1269 3613 enim
1293 3560 1513 3635 egimus
1555 3561 1933 3636 pervetustis,
1982 3562 2225 3637 quarum
2252 3566 2391 3619 latet

2282 3660 2388 3698 oria
