2461 3876
730 146 820 182 υ.
870 124 1230 199 M01i1793³
1773 141 1875 199 115

126 209 234 260 mis
253 203 750 271 accommodando,
771 223 895 258 mec!
904 203 1081 271 ferret
1105 200 1376 256 sententia
1399 196 1431 275 (
1454 194 1732 271 quidquid
1740 216 1878 258 Con-.-

125 298 215 338 tra
236 280 536 335 decernant
560 282 872 336 Consilinrii
910 279 1338 336 Commzmitatis
1380 281 1638 329 interesse
1657 271 1871 332 liaben-

124 357 252 429 tes)
291 360 390 428 qui
431 377 531 430 per
562 371 774 413 secreta
819 357 1078 433 sufflagia
1125 358 1418 426 antiquam
1452 352 1873 411 observantiam

123 452 241 490 non
283 433 704 489 immutandam
749 436 1128 490 deliberarunt
1160 471 1180 502 ,
1218 432 1339 487 EE.
1365 429 1493 486 W.
1535 427 1877 490 declararss.

114 529 289 584 posse
313 511 536 584 aliquas
560 511 772 565 Missas
792 512 1016 566 arbitrio
1035 524 1216 566 vestro
1242 505 1591 578 definiendas
1613 506 1876 562 celebrari

127 588 321 642 debere
344 589 702 660 inposterum
745 596 804 641 in
822 596 946 661 ipsa
973 587 1219 642 Ecclesia
1244 586 1303 640 S.
1333 585 1546 639 Murice
1573 622 1592 652 ‚
1637 587 1694 644 (5
1711 586 1885 641 simul

132 665 410 737 applicari
430 684 539 737 pro
569 666 980 720 Commmu‘tate
998 682 1035 718 a
1061 662 1329 731 Beneficii
1351 664 1588 718 Rectore
1604 698 1620 714 .

50 741 134 798 Ut
175 760 345 797 onera
392 740 693 797 Beneficiis
757 740 971 797 adnexa
1030 738 1283 814 dignosci
1324 740 1542 812 possint
1566 779 1585 801 ‚
1634 736 1880 796 edantur

122 830 358 890 oportet
379 817 723 874 fundationis
745 817 954 873 tabulae
977 852 997 885 ,
1035 828 1134 869 aut
1152 815 1262 868 alia
1280 816 1508 887 publica
1533 831 1876 872 monumen·

120 906 182 950 ta
211 934 229 963 ,
268 914 401 969 quae
422 895 740 952 fundatoris
765 895 1125 950 voluntatem
1151 904 1312 948 certo
1339 892 1736 948 demonstrent
1760 931 1781 960 ,
1808 904 1877 950 ut

125 972 211 1026 acl
235 973 396 1028 Text.
416 973 473 1026 in
499 993 623 1048 cap.
651 974 828 1028 Porro
857 969 925 1024 cle
937 967 1206 1044 privileg,
1230 1004 1250 1035 ‚
1296 967 1523 1022 firmant
1551 967 1722 1022 Gar-z.
1755 970 1882 1028 da„

125 1049 374 1119 Benefic.
389 1063 543 1122 part.
570 1072 623 1123 7.
642 1069 765 1124 cap.
796 1067 843 1100 1.
873 1064 1032 1101 num.
1060 1062 1153 1103 22.
1183 1084 1202 1111 ‚
1246 1043 1303 1101 ἃ
1325 1043 1605 1099 Beneclice.
1626 1043 1786 1101 XIV.
1808 1047 1878 1100 cle

125 1125 347 1200 Synocl.
370 1128 594 1182 diceres·
634 1127 724 1180 lib.
761 1144 848 1201 13·
874 1141 1001 1196 cap.
1037 1121 1136 1177 ult.
1177 1118 1226 1197 §
1246 1139 1304 1192 4.
1349 1121 1473 1196 Jam
1500 1139 1638 1177 vero
1683 1120 1878 1179 deficit

121 1204 365 1259 omnino
413 1205 473 1260 in
522 1206 774 1275 presenti
831 1217 964 1257 casu
988 1196 1341 1255 fundationis
1391 1197 1839 1275 authographum
1859 1221 1882 1268 ς,

119 1296 440 1354 rursusque
476 1279 549 1335 de
575 1279 911 1336 memoratis
935 1278 1203 1333 oneribus
1226 1273 1503 1335 deficiunt
1528 1293 1883 1334 monumen..

123 1366 189 1411 ta
210 1358 437 1414 inActis
458 1375 746 1414 sacrarum
770 1356 1181 1413 visitationum
1196 1389 1217 1419 ,
1237 1364 1338 1407 aut
1361 1351 1608 1407 Tabellis
1632 1390 1654 1420 ‚
1674 1371 1742 1409 ex
1767 1356 1889 1428 quie

120 1430 236 1488 bus
257 1434 606 1506 quandoque
653 1441 1017 1504 peremptam
1060 1426 1414 1483 fundationis
1441 1431 1776 1485 memoriam
1798 1433 1886 1486 in.

125 1522 452 1566 stautai-unt
500 1509 610 1565 ΕΕ.
633 1508 761 1565 VV.
787 1547 807 1575 ,
854 1517 919 1561 ut
954 1513 1016 1559 in
1055 1503 1358 1560 Vercellen.
1410 1520 1505 1558 21.
1540 1501 1880 1561 Novembris

127 1603 302 1661 1750.
330 1627 350 1653 ‚
376 1585 519 1643 &in
538 1587 888 1659 Brrchlntien.
911 1583 1006 1639 28.
1023 1580 1175 1637 Maii
1202 1601 1223 1637 1
1241 1601 1368 1657 791.
1393 1601 1412 1647 ;
1441 1597 1548 1636 nec
1570 1579 1758 1637 ullum
1785 1578 1883 1639 dev

122 1679 291 1728 mum
311 1675 719 1740 argumentum
743 1662 968 1720 desumi
996 1659 1150 1719 valet
1197 1660 1267 1715 ab
1291 1658 1654 1715 observantia
1679 1695 1703 1726 ‚
1741 1675 1882 1717 cum

119 1740 245 1796 imo
267 1741 478 1797 Orator
502 1740 812 1814 plusquam
834 1738 1226 1794 centenariam
1253 1739 1314 1793 in
1337 1737 1424 1791 sui
1442 1735 1700 1791 favorem
1723 1754 1882 1809 prae-

118 1815 327 1874 seferat
351 1856 372 1886 ‚
398 1817 473 1873 ob
496 1820 770 1874 omissam
795 1834 1006 1887 nempe
1031 1815 1103 1871 ab
1127 1832 1277 1870 anno
1308 1815 1472 1887 1607.
1496 1809 1568 1867 de
1587 1812 1673 1865 his
1686 1814 1878 1868 oneri-

115 1892 226 1949 bus
251 1897 611 1951 mentionem
637 1897 696 1952 in
721 1896 896 1950 sacris
916 1891 1347 1949 Visitationibus
1367 1928 1388 1958 ‚
1411 1888 1482 1948 <3⁶
1505 1888 1725 1944 tabellis
1746 1925 1766 1954 ,
1782 1907 1876 1944 re-

115 1981 468 2047 tentumque
491 1969 560 2028 ad
585 1972 707 2029 haee
740 1990 924 2047 usque
944 1981 1208 2044 tempora
1232 1987 1334 2044 per
1353 1967 1676 2023 decessores
1695 1965 1882 2022 Bene·

115 2046 316 2105 ‘icium
342 2053 552 2123 absque
569 2050 688 2111 ullo⁴
706 2069 879 2106 onere
896 2088 912 2103 .
953 2046 1038 2104 Ex
1059 2049 1145 2103 his
1164 2047 1340 2124 igitur
1360 2047 1638 2107 immunis
1657 2062 1880 2100 renun-

115 2124 355 2183 ciandus
371 2126 659 2185 videretur
673 2125 883 2184 Orator
903 2146 936 2182 a
951 2126 1150 2182 futuro
1175 2125 1609 2199 praemissorum
1633 2138 1882 2180 onerum

114 2203 498 2278 implemento
512 2242 531 2273 ,
548 2215 616 2261 ut
637 2203 1032 2262 deficientibus
1056 2200 1414 2258 fundationis
1437 2199 1645 2256 tabulis
1672 2234 1694 2266 ,
1720 2199 1880 2253 aliis-

114 2297 235 2354 que
253 2283 549 2358 legittimis
566 2283 995 2350 monumentis,
1027 2278 1293 2337 delinivit
1311 2277 1370 2334 8.
1389 2275 1516 2332 haec
1549 2273 1881 2351 congrega-

115 2358 204 2412 t-io
226 2363 285 2414 in
314 2359 626 2415 Tuder-tina
647 2360 993 2435 Capellanioe
1032 2375 1120 2414 12.
1150 2357 1302 2412 Maia·
1335 2376 1402 2430 17
1416 2354 1502 2409 18.
1536 2391 1556 2420 ‚
1579 2357 1638 2406 in
1660 2351 1882 2410 Montis

116 2433 330 2493 Falisci
344 2457 377 2512 3
391 2458 440 2493 t.
456 2435 607 2492 Maii
630 2457 651 2492 1
665 2457 733 2512 72
747 2458 793 2494 1.
824 2476 845 2507 ,
891 2433 948 2494 ds
965 2442 1024 2491 in
1050 2436 1403 2492 Urbevetamz
1425 2448 1520 2501 24·
1541 2427 1886 2486 Novembris

124 2528 293 2585 ¹787·
320 2532 340 2578 ὗ
382 2516 704 2584 praesertim
748 2533 886 2572 cum
921 2513 1276 2570 Beneficium
1303 2506 1647 2582 praedictum
1688 2542 1710 2571 ‚
1761 2505 1883 2574 jam

116 2585 347 2643 Sanctae
376 2587 535 2643 Sedis
561 2593 896 2647 auctoritate
940 2603 1072 2663 post
1120 2590 1341 2646 obitum
1365 2584 1623 2639 OratorIS
1664 2581 1883 2653 absque

119 2663 245 2719 ullo
262 2683 436 2720 onere
468 2702 488 2732 ‚
528 2663 1024 2738 quemadmodum
1045 2663 1421 2739 reputabatur
1444 2695 1468 2729 ,
1505 2659 1740 2714 unitum
1760 2657 1885 2719 fue-

125 2741 204 2795 rit
225 2739 606 2798 Canonicatui
634 2740 691 2795 S.
718 2740 1038 2798 Catherinae
1064 2778 1080 2795 .

45 2814 148 2873 'Ad
168 2816 517 2875 suadendam
555 2830 750 2875 tamen
772 2818 1098 2876 Beneficiati
1119 2815 1530 2892 obligationem
1571 2805 1762 2883 quoad
1780 2808 1879 2865 fu·

121 2906 327 2952 turum
351 2898 796 2970 implementum
820 2935 841 2965 ,
892 2906 1058 2972 urget
1095 2895 1318 2956 mentio
1343 2892 1518 2947 trium
1561 2888 1879 2943 Missarnm

119 2991 228 3047 per
247 2971 664 3029 hebdomadam
686 3011 706 3040 9
745 2991 859 3047 que
903 2974 966 3029 fit
1005 2974 1065 3028 in
1089 2972 1256 3045 copia
1280 2967 1462 3023 Bullae
1499 2968 1638 3025 anni
1666 2982 1830 3038 1592·
1859 3001 1879 3026 ο,

120 3048 271 3107 Nam
291 3049 643 3106 fundationis
665 3049 982 3106 deficientia
998 3069 1067 3106 ex
1089 3049 1326 3104 Litteris
1342 3043 1719 3101 collationum
1744 3058 1879 3116 sup-

118 3127 267 3202 pleri
307 3139 499 3202 potest
539 3167 559 3195 ‚
591 3139 659 3181 ut
697 3139 895 3184 tenent
945 3127 1112 3182 Polit.
1160 3125 1232 3180 de
1243 3125 1535 3197 „Im-epam
1569 3120 1790 3176 dissert.
1817 3120 1880 3180 6,

120 3222 280 3259 num.
303 3223 396 3281 32.
425 3246 445 3276 ,
496 3203 553 3261 <15
591 3204 781 3260 Piton.
842 3203 912 3258 cle
958 3215 1295 3260 controversa
1317 3199 1482 3254 Patr.
1531 3196 1755 3274 allegat.
1780 3215 1805 3249 1
1819 3211 1872 3256 ι.

124 3297 284 3336 num.
313 3303 365 3357 7.
388 3321 407 3352 ,
436 3284 492 3339 <15
512 3283 742 3360 allegat.
772 3300 860 3358 72.
889 3299 1045 3336 num.
1075 3298 1174 3354 3.;
1211 3275 1498 3351 Quamvis
1516 3283 1714 3332 autem
1733 3272 1875 3329 sim-

120 3356 256 3428 plex
272 3363 433 3433 copia
455 3361 604 3415 illius
631 3360 812 3419 Bullae
837 3359 1051 3432 absque
1074 3353 1337 3431 originali
1379 3351 1719 3427 legittimam
1744 3367 1870 3406 non

119 3436 431 3493 constituat
456 3455 700 3494 onerum
734 3437 1134 3511 probationem
1164 3470 1182 3498 ‚
1235 3449 1306 3487 ex
1348 3427 1647 3485 notissima
1679 3427 1878 3502 regula

118 3508 282 3572 Text.
311 3514 372 3568 ἰιι
404 3533 527 3592 cap.
559 3515 622 3572 Si
643 3516 976 3592 scripturam
999 3511 1070 3570 cle
1087 3508 1227 3645 iside
1249 3509 1603 3571 lustrantem«
1622 3542 1646 3579 ,
1684 3519 1866 3577 quem

1172 3604 1206 3643 2
1703 3597 1878 3643 exoro,
