2461 3876
644 174 735 229 19.
756 155 1011 211 Ianuarii
1034 177 1052 212 ι
1070 170 1196 231 793.
1738 173 1802 231 ¹5

51 222 300 300 Virginis
326 226 583 284 officium
608 268 627 298 ‚
670 231 796 286 aliae
831 232 956 288 dnae
981 233 1112 289 feria
1136 236 1334 304 quarta
1376 228 1453 283 ὄι-
1494 227 1800 299 sabbatho,

54 303 314 372 profestis
338 314 527 361 tamen
552 345 571 374 ‚
613 309 670 363 in
696 309 939 366 Ecclesia
965 311 1224 381 Deiparae
1244 305 1386 361 della
1413 305 1643 365 Colletm
1663 345 1682 375 ‚
1705 325 1799 362 re-

50 380 225 453 liquee
246 380 460 451 ubique
481 402 713 439 summo
738 404 900 441 mane
921 386 990 441 ad
1011 381 1380 441 commodum
1401 383 1604 457 Populi
1633 404 1652 450 ;
1697 383 1799 440 ad-

52 453 175 510 dita
216 458 391 510 etiam
420 459 756 534 obligatione
801 461 1047 518 docendi
1073 463 1506 538 grammaticam
1548 478 1790 532 pueros,

52 532 162 588 Pro
219 533 563 589 habitatione
626 555 761 592 vcro
818 538 1114 611 Capeliani
1197 554 1434 612 parvam
1486 538 1795 611 assignavit

52 605 237 666 aedem
277 626 412 663 cum
459 610 788 667 infoecundo
825 615 1148 682 horticulo‚
1195 618 1289 670 cui
1309 612 1528 668 addidit
1552 615 1676 683 ejus
1700 632 1794 668 so-

51 704 144 741 ror
185 703 429 758 parvum
454 689 770 743 tenuissimi
809 692 1027 747 fruc-tus
1064 693 1394 746 viridarium
1435 707 1570 744 cum
1603 709 1792 754 „onere

53 780 259 817 annuae
278 761 504 818 Missae.
550 764 885 820 Reddebant
911 781 1051 821 tunc
1090 788 1153 823 ea
1177 769 1296 822 LL.
1343 765 1561 821 Montis
1601 785 1792 821 annua

51 850 211 892 scuta
239 856 331 912 43.
359 878 377 903 .,
418 844 812 915 integramque
838 842 1043 897 dabant
1060 846 1482 916 eleemosynam
1511 842 1580 896 ad
1605 855 1792 899 taxam

50 915 303 970 Concilii
333 916 614 983 Romani,
658 936 788 990 qnae
811 938 912 990 pro
939 918 1128 973 Missis
1152 922 1442 993 perpetuis
1491 930 1573 973 est
1616 921 1794 974 etiam

50 992 339 1065 synodalis
368 1030 383 1044 .
431 995 507 1045 At
533 994 782 1048 reduc-tis
808 1015 956 1049 anno
1009 999 1172 1070 1767.
1213 1015 1280 1051 ex
1313 999 1463 1049 facto
1511 995 1790 1066 Principis

50 1070 277 1122 illorum
321 1067 636 1138 fructibus,
685 1069 937 1127 decrevit
982 1086 1214 1144 qnoque
1258 1069 1587 1144 capellaniae
1639 1070 1792 1125 redi-

48 1156 144 1199 tus
183 1143 252 1198 ad
278 1156 439 1199 scuta
466 1165 558 1218 37.
581 1184 599 1212 ,
643 1166 706 1201 ac
728 1148 942 1202 factum
967 1163 1048 1204 est
1091 1146 1324 1203 tandem
1347 1184 1365 1213 ‚
1410 1157 1477 1199 ut
1517 1148 1593 1200 ob
1641 1146 1794 1201 defe-

50 1234 210 1275 ctum
238 1219 608 1276 Sacer-dotum
634 1262 652 1288 ,
691 1226 791 1295 qui
835 1225 1057 1297 probae
1080 1243 1302 1279 summa
1341 1221 1656 1294 adimplere
1680 1242 1780 1277 ve·

52 1299 162 1352 lint
183 1316 355 1352 onera
385 1335 404 1365 9
446 1317 478 1350 a
518 1302 879 1371 quatriennio
920 1300 988 1357 ὁὸ
1028 1301 1177 1353 ultra
1196 1309 1362 1352 vacet
1410 1299 1726 1368 capellania
1769 1337 1790 1365 ‚

49 1374 357 1446 adimpleta
402 1391 515 1426 non
542 1376 650 1429 sint
690 1393 862 1428 onera
889 1411 907 1440 ,
945 1372 1013 1428 6⁶
1038 1372 1279 1445 depositi
1322 1373 1433 1426 sint
1482 1371 1700 1428 reditus
1720 1375 1792 1428 ad

51 1467 309 1505 mensem
338 1447 562 1503 lunium
590 1449 760 1520 elapsi
790 1450 921 1515 anni
940 1450 996 1501 in
1023 1450 1202 1501 scutis
1233 1467 1250 1500 1
1272 1465 1356 1500 10.

0 1523 182 1597 {eque
205 1543 333 1578 vera
371 1525 513 1580 tales
560 1537 694 1580 sunt
735 1526 845 1580 loci
895 1524 1263 1579 difficultates
1306 1560 1325 1588 ‚
1370 1533 1437 1577 ut
1476 1522 1792 1578 verisimilis

50 1603 120 1659 sit
163 1598 535 1657 sacerdotum
560 1603 778 1657 aversio
802 1621 832 1656 a
852 1601 1120 1658 tenuiiilla
1149 1599 1453 1672 capellania
1473 1637 1490 1653 .
1539 1598 1796 1655 Positum

48 1694 303 1750 namque
324 1689 406 1733 est
449 1678 775 1735 Luxonium
817 1681 875 1732 in
907 1678 1082 1733 sterili
1109 1676 1253 1732 valle
1277 1678 1485 1731 Strona
1513 1693 1690 1749 prope
1714 1676 1791 1730 la·

50 1773 185 1810 cum
226 1755 547 1811 Verhmmm
576 1793 595 1819 ‚
634 1769 805 1827 atque
853 1773 922 1809 ex
961 1756 1137 1808 tribus
1174 1763 1397 1810 constat
1429 1751 1579 1806 villis
1627 1789 1648 1818 ‚
1697 1770 1800 1824 per

48 1833 383 1887 milliarium
411 1832 463 1886 ὅ(
507 1832 656 1886 ultra
684 1837 827 1888 inter
852 1849 911 1885 se
959 1831 1170 1885 dissitis
1195 1868 1209 1884 .
1257 1829 1642 1885 Sterilioribus
1676 1833 1788 1883 cir·

49 1909 436 1963 cnmvallatur
463 1911 755 1963 montibus
781 1946 802 1976 o
842 1909 1102 1981 adeoque
1131 1924 1411 1981 pauperes
1462 1917 1597 1961 sunt
1627 1907 1802 1978 oppi-

49 1984 183 2038 dani
202 2024 220 2051 ‚
240 1999 303 2039 ut
326 1986 437 2038 alio
461 1985 529 2039 ad
554 1983 1008 2058 comparandum
1037 1987 1252 2039 vic-tum
1281 1981 1579 2038 divertant
1601 2020 1615 2039 .
1632 1982 1792 2039 Hinc

49 2063 110 2115 in
137 2074 264 2115 toto
283 2063 436 2116 illius
463 2061 719 2118 districtu
750 2101 770 2129 ‚
796 2064 896 2134 qui
926 2061 1617 2136 c01nplectiturl³araecias
1637 2069 1793 2124 oct0,

47 2141 145 2193 vix
190 2137 304 2193 duo
344 2139 437 2194 vel
461 2149 576 2194 tres
613 2158 783 2212 supra
809 2140 1087 2195 parochos
1112 2146 1492 2193 numerantur
1521 2132 1798 2190 Sacerdo-

46 2227 168 2280 tes3
209 2217 520 2288 ipsumque
548 2217 879 2272 Luxonium
917 2253 936 2282 9
975 2217 1070 2270 ubi
1096 2213 1263 2271 sedes
1283 2225 1375 2268 est
1412 2210 1632 2267 Vicarii
1654 2231 1678 2278 ‚⁴
1705 2209 1803 2266 Sa·

47 2288 378 2346 cerdotibus
415 2295 657 2347 omnino
678 2290 1014 2349 destituitur
1031 2331 1046 2348 .
1086 2292 1282 2367 Quum
1300 2288 1463 2345 valde
1481 2290 1652 2365 igitur
1670 2306 1796 2361 per-

12 2425 16 2428 .
46 2371 262 2424 niciosa
302 2370 370 2425 sit
391 2369 1225 2439 Luxoniensibusintermissio
1247 2364 1555 2422 Missarum
1596 2365 1796 2439 capel-

46 2446 220 2500 lanice
237 2445 600 2517 Bontemp0‚
639 2448 824 2521 sitque
862 2447 1037 2502 altera
1084 2457 1338 2517 exparte
1373 2442 1626 2500 difficilis
1651 2446 1799 2498 intc-

50 2538 146 2595 gra
193 2521 422 2575 illarum
460 2523 771 2578 celebratio
799 2565 816 2586 ‚
857 2523 966 2578 ΕΒ.
992 2521 1214 2578 Vestris
1254 2518 1469 2576 idcirco
1511 2519 1797 2592 supplica·

49 2607 191 2649 runt
216 2595 591 2652 Luxoniensis
616 2599 1016 2654 Communitas
1043 2636 1064 2665 9
1088 2599 1368 2652 parochus
1395 2632 1416 2662 ,
1458 2596 1513 2648 δι
1542 2594 1796 2664 capella-

48 2675 163 2726 niae
186 2674 408 2744 patroni
436 2688 538 2743 pro
578 2670 909 2729 reductione
932 2673 1286 2736 Missarum2
1326 2669 1381 2721 δι
1421 2669 1544 2723 haec
1587 2669 1646 2721 in
1695 2683 1799 2725 sua

45 2747 448 2804 informatione
467 2747 633 2805 habet
658 2749 998 2805 novariensis
1026 2747 1345 2818 Episcopus
1366 2782 1381 2798 .
1430 2744 1555 2799 Prae
1598 2747 1797 2798 omni-

45 2826 153 2879 bns
180 2824 345 2882 refert
375 2862 395 2890 ‚
437 2825 548 2892 jam
572 2845 631 2881 se
674 2827 745 2881 de
775 2822 1043 2880 mandato
1073 2820 1275 2878 Vestro
1309 2819 1644 2877 Sacerdotes
1692 2838 1799 2894 per

47 2900 232 2957 edic-ta
270 2903 537 2958 invitasse
576 2901 648 2958 ad
681 2901 1074 2974 accipiendam
1116 2898 1486 2973 capellaniam
1532 2933 1556 2965 9
1591 2912 1659 2952 ac
1699 2915 1800 2954 ne·

46 2981 270 3034 minem
299 2982 709 3051 comparuisse.
750 2980 1035 3052 imparem
1067 2977 1199 3032 hinc
1239 2975 1382 3030 dicit
1426 2973 1587 3030 oneri
1648 2970 1794 3030 Mis-

50 3075 240 3113 sarum
263 3074 550 3112 summam
583 3067 880 3112 scutorum
904 3077 994 3132 37.
1020 3055 1091 3108 ab
1114 3065 1301 3110 taxam
1327 3052 1745 3108 Beneclictinam
1770 3088 1792 3119 ,

49 3131 310 3208 synodali
349 3131 584 3189 decreto
620 3144 916 3207 receptam
949 3171 971 3200 ‚
1007 3131 1078 3186 ad
1130 3148 1304 3204 qnam
1357 3130 1794 3201 requirerentur

50 3222 214 3266 scuta
239 3229 335 3284 43.
364 3231 456 3285 30.
486 3250 506 3280 ‚
545 3229 736 3284 neque
778 3214 902 3286 cogi
937 3225 1097 3283 posse
1115 3204 1349 3263 heredes
1409 3203 1486 3266 ad
1522 3202 1795 3277 supplen-

50 3284 194 3342 dum
208 3285 456 3344 fundum
479 3324 499 3351 ‚
536 3298 665 3343 tum
692 3290 826 3361 quia
851 3290 888 3342 il
901 3288 1022 3342 lum
1058 3286 1359 3342 constituit
1379 3280 1672 3338 Fundator
1699 3295 1794 3336 ta·-

52 3369 245 3418 oecttiue
268 3402 288 3431 ‚
322 3375 448 3418 tum
474 3367 626 3437 :quia
669 3380 1046 3440 patronorum
1066 3402 1089 3429 ,
1131 3362 1489 3439 ipsorumque
1529 3356 1799 3419 heredum

48 3458 275 3498 summa
308 3443 556 3500 noscitur
585 3460 705 3500 esse
737 3454 1053 3521 paupertas
1077 3479 1095 3497 .
1671 3510 1728 3567 U

110 3553 114 3555 Α
1705 3527 1794 3567 ιεειι
