2518 3876
2330 11 2361 40 Ι

667 118 741 193 36
1205 116 1276 172 8.‘
1296 113 1584 170 Februarii
1615 122 1781 190 1794.⁴
1815 186 1820 192 ·

672 204 770 248 tur
796 228 811 244 .
854 189 1052 265 Atque
1075 206 1143 246 ex
1164 190 1254 250 his
1280 191 1502 246 excludi
1535 193 1885 250 centendunt
1901 212 2126 271 gravem
2154 201 2349 257 Orato-

663 271 738 325 ris
762 266 1130 344 indigentiam
1159 305 1177 332 9
1221 269 1292 322 ob
1316 286 1492 339 quam
1520 268 1708 324 dotale
1735 270 2035 332 subsidium
2070 298 2175 352 pro
2199 295 2361 334 soro..

661 362 723 399 re
759 357 1048 403 mereatur
1067 383 1082 398 .
1122 343 1322 416 quue
1343 348 1521 420 magis
1543 384 1561 413 9
1605 350 1739 418 quia
1766 349 1825 400 in
1853 365 2244 420 argumentum
2275 355 2358 409 sa·-

659 421 894 476 cultatis
916 438 1147 477 uxorem
1175 418 1334 478 duxit
1359 460 1374 477 .
1417 422 1702 495 lm'parem
1723 421 1794 477 de
1816 435 2004 499 cetero
2024 427 2216 486 dicunt
2234 431 2358 488 sub.

658 496 801 552 sidio
821 510 1112 551 scutorum
1135 513 1266 557 200.
1308 497 1690 554 hereditatem
1735 501 1981 554 Luciani
2009 538 2027 566 9
2063 509 2225 575 cnjus
2253 528 2356 565 an-

657 591 809 631 nuus
834 571 1052 627 reditus
1087 585 1249 628 scuta
1270 577 1501 652 attingit
1532 596 1554 629 ι
1570 595 1655 649 74.
1681 594 1945 646 49.9nam
1968 579 2061 630 vix
2083 599 2148 636 ex
2165 585 2362 654 hujus.

658 646 818 704 modi
839 648 1025 709 reditu
1050 647 1437 722 adimp!entur
1462 654 1643 728 legata
1679 655 2060 728 eleemosynae
2086 691 2105 721 9
2142 655 2197 712 ἃ
2230 663 2360 715 sub-

659 722 931 782 sidiorum
960 724 1242 785 dotalium
1268 748 1286 794 3
1325 729 1379 785 ἅ
1406 730 1528 785 fieri
1557 743 1745 804 posset
1766 768 1785 797 9
1825 741 1890 784 ut
1912 731 2035 786 haec
2073 736 2242 791 etiam
2290 734 2365 792 ad

648 805 892 865 formam
919 808 1247 860 testamenti
1272 806 1540 880 suspendi
1567 805 1839 863 deberent
1877 807 2058 884 legata
2085 845 2104 875 9
2142 812 2184 862 si
2214 811 2364 867 indi-

653 883 846 959 gentia
873 885 1266 955 superveniret
1293 902 1548 939 sororum
1571 885 1882 941 Testatoris
1904 926 1918 942 .
1962 886 2231 940 petitioni
2255 891 2364 947 im..

652 976 754 1013 mo
780 959 1042 1013 Oratoris
1067 959 1348 1019 adversari
1373 963 1716 1019 arbitrantur
1735 964 1908 1036 ipsius
1932 961 2244 1020 Testatoris
2262 981 2366 1021 vo·-

652 1036 931 1090 luntatem
961 1055 979 1098 ;
1023 1033 1164 1089 dum
1194 1040 1326 1092 satis
1364 1038 1562 1093 fecisse
1587 1043 1820 1095 censuit
1853 1041 1969 1093 suis
2007 1040 2367 1114 obligationi-

653 1113 760 1166 bus
783 1127 917 1165 cum
943 1110 1155 1166 familia
1176 1113 1433 1169 ssernetti
1458 1135 1557 1188 per
1580 1118 1828 1192 legatum
1851 1128 2142 1173 scutorum
2169 1124 2373 1189 20.pro

652 1188 910 1261 qualibet
935 1188 1189 1246 Oratoris
1210 1210 1394 1245 sorore
1421 1213 1438 1257 z,
1480 1193 1734 1267 adeoque
1754 1197 1803 1248 ei
1824 1197 1916 1268 pia
1938 1194 2044 1248 alia
2065 1193 2225 1248 cordi
2249 1192 2372 1251 fue·
2394 1197 2397 1199 ’

654 1277 795 1320 runt
843 1284 1012 1341 opera
1032 1305 1052 1338 9
1116 1281 1180 1327 ut
1232 1271 1293 1328 in
1338 1268 1551 1340 judicio
1595 1274 1765 1333 etiam
1819 1271 2080 1328 sustineri
2131 1268 2374 1337 mandaq

647 1345 794 1401 verit
821 1381 836 1401 .

573 1420 804 1483 Tuetur
845 1420 1015 1480 altera
1058 1441 1130 1479 ex
1166 1436 1326 1496 parte
1351 1425 1676 1481 Canonicus
1708 1427 1959 1483 Bernetti
1994 1426 2377 1500 respectivam·
2448 1470 2450 1472 ψ

648 1496 908 1557 Oratoris
934 1499 1305 1577 indigentiam
1341 1504 1413 1556 ob
1439 1516 1679 1559 tenuem
1701 1504 1946 1559 reditum
1972 1516 2218 1558 scutor.1
2235 1523 2323 1558 11.
2349 1540 2374 1572 9

647 1573 706 1629 81
732 1576 1116 1649 spernendam
1161 1581 1238 1634 ait
1275 1581 1500 1638 inanem
1553 1583 1788 1637 incertae
1825 1583 1978 1645 litis9
2017 1593 2375 1653 sperataeque

652 1652 986 1708 hereditatis
1020 1674 1178 1729 spem
1208 1695 1229 1724 9
1269 1675 1398 1728 quae
1436 1657 1601 1713 facile
1643 1677 1743 1731 per
1767 1660 2101 1715 contrariam
2135 1670 2373 1713 senten-

644 1729 1218 1804 tiam9adversamque
1244 1736 1430 1789 amitae
1458 1734 1890 1807 dispositionem
1915 1751 2253 1792 evanescere
2269 1752 2372 1807 po-

646 1805 1168 1882 terit.·Quanquam
1197 1808 1264 1862 ad
1286 1811 1676 1866 sustinendum
1700 1811 1960 1866 decorem
1980 1810 2211 1864 familiae
2237 1810 2374 1864 Ber·
2458 1839 2461 1842 ·

644 1884 790 1936 netti
816 1919 835 1948 9
877 1901 992 1936 non
1019 1903 1212 1957 parum
1239 1887 1378 1940 utile
1415 1885 1642 1942 Oratori
1662 1888 1927 1943 futurum
1954 1885 2200 1941 affirmat
2225 1902 2371 1945 con-

647 1969 902 2013 tractum
942 1964 1376 2016 matrimonium
1418 1969 1518 2033 p‘er
1562 1964 1975 2020 successionem
2022 1961 2091 2019 ad
2141 1963 2376 2018 curialia

653 2036 834 2089 soceri
860 2040 1085 2110 negotia
1116 2078 1130 2092 .
1174 2038 1519 2097 Praesentem
1563 2039 1622 2095 &
1649 2044 1769 2114 ipse
1795 2039 2050 2095 admittit
2092 2036 2372 2095 heredita-

651 2114 873 2165 riorum
916 2111 1204 2171 redituum
1243 2116 1616 2171 tenuitatem-z
1656 2116 1751 2172 sed
1779 2135 2015 2188 aequum
2038 2115 2160 2171 fieri
2208 2134 2374 2188 posse

647 2200 847 2245 censet
874 2187 1190 2262 flagitatum
1219 2191 1528 2247 subsidium
1551 2232 1569 2259 9
1609 2196 1649 2246 si
1680 2204 1806 2266 post
1827 2194 2050 2249 obitum
2091 2205 2373 2265 prestetur

648 2282 908 2319 sororum
930 2265 1241 2323 Testatoris
1262 2307 1281 2338 9
1307 2268 1359 2322 ὅ(
1382 2271 1438 2322 in
1461 2281 1550 2325 tot
1570 2287 1788 2325 annuas
1810 2283 1955 2326 ratas
1973 2280 2268 2326 scutorum
2293 2271 2377 2326 vi-

686 2342 792 2393 inti
817 2378 831 2395 .
1393 2342 1395 2345 ’

574 2358 776 2477 Exgore
805 2420 978 2493 igitur
998 2423 1303 2494 utriusque
1328 2422 1509 2477 Partis
1536 2425 1782 2479 rationes
1803 2422 2012 2479 habent
2032 2419 2157 2477 Effii
2179 2420 2375 2486 Patres

646 2492 987 2549 decidendi.
1032 2496 1148 2553 Prae
1176 2503 1377 2554 ceteris
1420 2519 1556 2555 vero
1598 2499 1899 2556 advertere
1949 2499 2264 2576 dignentur
2302 2497 2375 2555 ad

639 2568 1127 2646 praedilectionem
1156 2575 1392 2631 familiae
1420 2577 1671 2634 Bernetti
1695 2616 1712 2646 9
1751 2596 1815 2633 ac
1861 2577 2174 2650 praesertim
2220 2576 2369 2632 Ora-.-
2409 2596 2413 2601 ¹

638 2648 779 2703 toris
807 2687 826 2717 9
865 2653 960 2711 cui
983 2651 1170 2723 inquit
1196 2652 1465 2710 Testator
1497 2674 1633 2709 sono
1654 2673 1864 2710 ancora
1886 2653 2164 2731 obbliqato
2183 2691 2198 2707 .
2226 2653 2371 2707 For-

642 2736 788 2779 tasse
832 2727 989 2786 enim
1034 2729 1304 2803 pinguius
1355 2731 1674 2803 reliquisset
1724 2733 1977 2807 legatum
2019 2732 2143 2800 ejus
2185 2728 2371 2785 sorori

639 2797 970 2877 Margaritae
995 2841 1013 2870 9
1051 2806 1094 2858 si
1133 2807 1528 2876 praevidisset,
1567 2807 1723 2881 quod
1764 2810 1835 2862 ob
1875 2810 2222 2862 tenuitatem
2267 2823 2374 2877 pa-

640 2881 797 2933 terni
826 2881 1159 2952 patrimonii
1185 2899 1416 2958 erogare
1436 2882 1667 2940 deberet
1688 2884 1893 2939 Orator
1923 2897 2147 2958 partem
2192 2881 2330 2937 dotis
2349 2918 2370 2950 9

644 2971 825 3030 quam
849 2961 900 3008 ei
923 2957 1047 3010 tulit
1073 2975 1222 3014 uxot·
1244 2998 1258 3013 .
1300 2959 1611 3032 Alteraque
1661 2979 1729 3016 ex
1754 2975 1914 3036 parte
1936 2959 2198 3017 Vestram
2244 2975 2371 3013 me-

641 3043 805 3086 retur
826 3030 1298 3106 ponderationem
1321 3074 1340 3102 9
1380 3037 1537 3108 quod
1572 3039 1814 3094 concedi
1841 3038 1985 3096 solet
2025 3033 2229 3090 dotalis
2271 3048 2370 3089 cu-

641 3107 841 3162 mulus
888 3110 1235 3182 pauperibus
1283 3112 1598 3178 Testatoris
1626 3115 2078 3189 -consanguineis
2102 3147 2122 3177 9
2177 3112 2366 3180 qualis

639 3199 759 3236 non
816 3196 899 3241 est
942 3185 1249 3263 Margarita
1294 3189 1547 3246 Bernetti
1577 3230 1597 3259 9
1651 3192 1918 3249 Amostaz
1955 3190 2023 3243 cle
2065 3203 2223 3240 caus..
2248 3189 2368 3261 piis

639 3256 732 3315 lib.-
763 3275 820 3336 4.
849 3279 1034 3335 cap-4.
1062 3284 1319 3320 numao.
1346 3308 1365 3332 9
1409 3269 1581 3323 Carti.
1609 3269 1836 3322 cle‘Luc.
1858 3268 1927 3321 cle
1946 3265 2061 3318 clol-
2091 3261 2368 3320 disc-100.

638 3349 795 3391 mem,
825 3352 877 3405 5.
903 3374 923 3402 9
962 3339 1031 3394 ὃς
1069 3340 1248 3395 Sacra
1293 3342 1418 3398 lzoec
1463 3339 1843 3420 Corzqregatio
1889 3345 1947 3393 in
1990 3338 2368 3415 Scnqqctllien.

637 3405 1028 3465 subsidiorum
1050 3415 1339 3470 Dotalium
1367 3437 1386 3471 J
1407 3438 1454 3475 1.
1463 3421 1623 3489 Junii
1655 3438 1675 3470 1
1691 3435 1817 3492 774.
1841 3415 1992 3468 Num
2020 3414 2228 3471 Orator
2256 3437 2364 3474 au-

639 3493 763 3546 tem
788 3482 903 3547 dici
924 3489 1102 3545 Valeat
1126 3509 1347 3565 pauper
1372 3532 1392 3563 9
1432 3513 1501 3563 ex
1523 3497 1730 3560 notatis
1775 3489 1882 3552 ΕΕ»
1914 3488 2129 3550 Vestrae
2168 3493 2361 3550 decen
2439 3529 2457 3554 -,

2176 3582 2318 3631 nent
2345 3605 2364 3626 .
2451 3558 2455 3562 ’
