2461 3876
646 168 912 239 eufimii
940 177 1107 242 ¹794·'
1179 213 1183 215 Α
1723 184 1823 242 ¹5¹

20 235 328 294 immutare
373 240 652 316 siquidem
695 264 812 300 non
863 249 1051 319 potuit
1073 258 1186 297 una
1231 236 1540 315 Margarita
1590 241 1776 318 legem
1801 279 1825 312 ,

99 334 276 389 quam
304 334 437 373 cum
467 318 588 388 eius
609 323 741 377 viro
762 321 977 377 dixerat
1000 325 1060 377 in
1084 318 1426 375 fundatione-
1447 316 1782 393 Capellanie
1807 358 1830 391 ‚

99 394 151 448 δι
181 394 470 467 duplicem
488 395 724 455 Missam
742 396 1212 455 hebdomadalem
1233 393 1510 452 reducere
1530 395 1600 451 ad
1627 415 1830 459 uuam..

93 469 238 543 Juris
260 474 415 528 enim
441 476 714 531 naturalis
742 515 762 544 ,
801 475 855 530 ἃ
895 476 1093 532 Divini
1120 487 1204 531 est
1247 491 1508 544 servare,
1551 470 1710 546 quod
1736 493 1826 530 se-

95 546 209 602 mel
240 550 296 605 in
324 549 659 608 fundatione
685 551 940 608 beneficii
960 560 1207 609 statuere
1235 550 1491 625 placuit,
1520 560 1620 625 per
1657 551 1827 606 Text.

91 629 151 677 in
176 623 285 703 leg.
301 629 717 705 jurisgenzium
745 632 802 704 ᾗ.
838 629 1061 687 Proetor
1101 629 1183 684 αἱι
1208 666 1229 697 ,
1265 641 1439 702 pacta
1483 628 1719 683 servabo
1749 630 1826 700 ffi

92 699 163 752 cle
175 718 336 774 pact.
362 745 382 771 ,
430 707 614 761 Piton.
641 706 712 762 cle
736 719 913 763 contr.
927 720 1222 780 patronor.
1250 703 1476 781 allegat.
1485 724 1579 778 50.
1600 724 1824 761 numa.

93 775 225 833 Hoc
253 782 421 856 igitur
443 782 825 857 quaerendum
851 822 871 852 ‚
913 803 1055 839 num
1081 802 1149 839 ex
1170 782 1448 855 qualitate
1474 782 1829 854 Capellaniae

89 859 481 925 permittenda
509 861 575 915 sit
595 860 859 920 Oratori.
898 857 1223 932 futurisque
1271 857 1595 930 Capellanis
1641 863 1827 913 conti-

92 937 292 989 nuatio
315 935 887 1007 celebrationisjuxta
917 935 1276 1011 illegitimam
1326 935 1486 996 illam
1531 935 1831 990 reductio-'-

90 1028 227 1066 nem
280 1051 295 1067 .
337 1013 731 1085 Capellaniarn
779 1031 911 1069 sane
959 1015 1336 1069 instituerunt
1372 1005 1732 1068 Fundatores
1772 1014 1833 1069 in

90 1090 506 1160 patrimonium
547 1106 772 1145 sacrum
812 1088 1112 1163 Capellani
1133 1127 1153 1158 ,
1194 1088 1336 1144 dum
1375 1087 1447 1144 ad
1474 1106 1604 1144 eam
1654 1105 1832 1143 voca-

90 1178 228 1220 runt
255 1169 655 1238 pauperiorem
676 1167 956 1223 clericum
982 1206 1001 1235 ,
1038 1169 1082 1221 il
1113 1165 1286 1242 quale
1317 1183 1495 1239 possa
1530 1184 1637 1220 con
1678 1165 1833 1221 cletta

90 1240 457 1317 cappellania
482 1245 759 1299 ordinat-si
779 1244 841 1298 αῖ
856 1244 1187 1300 Sacerclozio
1216 1284 1231 1299 .
1255 1242 1424 1298 Licet
1442 1254 1636 1300 autem
1670 1255 1830 1298 certa.

86 1336 192 1391 pro
217 1322 483 1376 omnibus
500 1338 617 1377 nou
641 1323 710 1376 sit
730 1335 859 1376 taxa
885 1323 1218 1393 patrimonii
1243 1319 1440 1387 Sacri,
1467 1318 1566 1373 sed
1591 1338 1659 1375 ex
1681 1336 1826 1374 con-

86 1395 390 1453 suetudine
433 1400 729 1472 regionum
757 1437 776 1467 ‚
816 1401 904 1453 vel
946 1396 1207 1473 synodali
1267 1394 1602 1451 dimetiatur
1650 1396 1772 1470 lege
1803 1434 1823 1465 ,

91 1471 319 1547 qulin.
340 1474 574 1551 cleoffic'.
592 1474 781 1550 Episcu
807 1475 1032 1550 cap.26.
1050 1479 1102 1548 §.
1118 1494 1204 1529 10.
1227 1475 1287 1528 in
1326 1476 1518 1546 princ.
1544 1512 1563 1541 ‚
1611 1473 1827 1550 Pigno-

86 1549 198 1604 tell.
219 1552 520 1610 consult-2.
549 1570 805 1609 num.21.
827 1565 1024 1627 t0m‚3.
1054 1591 1074 1622 ,
1121 1552 1248 1606 talis
1267 1559 1463 1605 tamen
1488 1569 1607 1608 esse
1633 1549 1828 1617 debet,

88 1639 154 1681 ut
179 1628 251 1683 ad
278 1628 750 1686 sustentationem
796 1627 1047 1685 sufficiat
1086 1625 1432 1693 ordinandi,
1482 1644 1552 1681 ex
1579 1625 1831 1682 Concilio

93 1702 418 1761 Tridentino
441 1723 616 1761 sess-2
632 1726 677 1761 1.
697 1723 884 1781 capa.
909 1706 979 1760 de
997 1705 1225 1770 reform.
1253 1702 1366 1758 Sua
1393 1720 1528 1777 ergo
1576 1700 1830 1776 pruden-

87 1781 166 1834 tia
192 1780 454 1850 judicent
470 1782 598 1838 Effii
620 1784 812 1839 Patres
830 1823 852 1846 ‚
891 1797 1037 1837 num
1084 1782 1144 1835 in
1170 1796 1303 1834 casu
1345 1788 1542 1831 nostro
1569 1814 1588 1843 ‚
1618 1779 1676 1831 in
1704 1794 1827 1849 quo

85 1874 278 1931 neque
323 1856 396 1913 de
436 1858 855 1914 consuetudine
875 1893 895 1925 ‚
942 1873 1134 1928 neque
1175 1855 1247 1910 de
1275 1850 1535 1927 synodali
1578 1851 1829 1908 docetur

84 1943 251 2001 taxa,
290 1936 426 1989 satis
457 1935 529 1988 sit
567 1934 639 1991 ad
689 1952 1000 2011 congruam
1040 1931 1297 1988 Oratoris
1351 1932 1833 1987 sustentationem

85 2029 313 2066 annuus
342 2011 692 2083 capellaniae
718 2012 934 2067 reditus
969 2022 1264 2068 scutorum
1294 2025 1383 2081 15.
1406 2046 1425 2076 ‚
1452 2020 1597 2082 quot
1643 2025 1827 2065 rema-

86 2101 227 2144 nent
256 2087 519 2144 dedu-ctis
566 2091 874 2156 oneribu89
911 2086 968 2141 ὅ(
1010 2086 1379 2161 eleemosyna
1419 2087 1590 2140 unius
1635 2082 1834 2138 Missae

83 2163 511 2221 hebdomadalia
525 2164 792 2223 hactenus
813 2164 1111 2223 celebratae
1128 2204 1150 2235 ,
1168 2163 1224 2222 ἃ
1241 2165 1432 2239 augeri
1458 2161 1661 2219 debeat
1683 2178 1834 2216 onus

88 2239 160 2294 ad
180 2243 424 2297 forma-m
449 2240 810 2299 fundationis
832 2282 848 2298 .

10 2313 313 2390 Quidquid
337 2336 472 2374 vero
514 2320 585 2375 sit
629 2317 700 2378 de
741 2318 1084 2376 difficultate
1114 2315 1440 2376 vindicandi
1493 2310 1690 2386 predia
1729 2329 1833 2388 per

86 2394 584 2452 confundatricem
624 2395 892 2453 distracta
921 2433 941 2464 ‚
966 2414 1035 2452 ex
1059 2398 1269 2471 quibus
1294 2414 1393 2470 par
1419 2391 1596 2448 dubio
1626 2389 1835 2466 procul

87 2470 354 2529 evaderet
378 2470 591 2529 fundus
612 2473 947 2547 Capellanie
965 2475 1366 2531 sustentationi
1393 2469 1692 2542 Capellani
1715 2506 1731 2536 e
1775 2466 1832 2523 8<

86 2551 453 2608 celebrationi
479 2547 728 2623 duplicis
755 2551 947 2606 Missae
988 2548 1410 2607 hebdomadalis
1436 2567 1456 2613 3
1496 2547 1603 2603 hoc
1633 2558 1831 2614 tamen

86 2626 408 2684 notandum
431 2666 452 2696 ,
489 2625 645 2702 quod
664 2625 817 2703 degit
837 2625 1045 2682 Orator
1066 2630 1138 2690 in
1148 2642 1329 2701 parvo
1355 2620 1573 2696 oppido
1618 2620 1827 2686 Caras-

86 2711 175 2761 sai
193 2742 213 2774 ‚
252 2707 312 2760 in
335 2724 454 2779 quo
478 2707 699 2778 parcius
723 2706 937 2761 vivitur
963 2723 983 2770 3
1019 2719 1129 2760 nec
1153 2700 1401 2758 absurda
1451 2709 1597 2756 esset
1637 2698 1826 2772 impu-

87 2784 230 2839 tatio
250 2780 617 2856 eleemosyne
645 2779 956 2839 Missarum
1018 2782 1078 2837 in
1104 2796 1418 2858 congruam
1446 2775 1777 2850 patrimonii
1802 2809 1825 2842 ‚

89 2858 234 2915 dum
258 2878 385 2915 earn
409 2858 578 2916 Sacra
591 2859 715 2918 haec
739 2859 1127 2936 congregatio
1153 2876 1256 2932 per
1276 2855 1581 2916 decretum
1627 2873 1714 2928 17·
1739 2850 1841 2928 Ju-

93 2936 158 2991 lii
193 2957 214 2991 1
229 2955 357 3014 723.
379 2937 498 2993 fieri
543 2938 718 2994 etiam
741 2953 902 3010 posse
923 2934 1234 2994 declaravit
1257 2932 1489 2990 arbitrio
1509 2930 1837 2997 ordinario-

89 3032 220 3071 rum
244 3053 261 3071 .
298 3016 430 3071 Hoc
452 3031 584 3071 sane
611 3026 776 3089 pacto
796 3013 988 3070 haberi
1013 3011 1248 3071 deberet
1266 3013 1412 3068 ratio
1446 3007 1653 3084 integri
1680 3002 1838 3062 redi⁴

90 3102 187 3146 tus
213 3104 512 3150 scutorum
528 3109 620 3166 23.
648 3129 670 3158 ,
712 3090 838 3147 aliis
859 3100 1092 3147 tantum
1114 3086 1383 3146 detractis
1426 3086 1698 3141 oneribus
1721 3120 1743 3152 ‚
1763 3080 1838 3137 de

92 3171 302 3238 quibus
321 3170 654 3241 ceteroquin
677 3185 794 3222 non
823 3177 1086 3233 constat3
1109 3182 1218 3222 nec
1238 3178 1480 3239 aequum
1527 3169 1833 3236 propterea

95 3243 272 3303 videri
293 3258 480 3320 posset
501 3283 520 3313 ‚
559 3245 839 3321 suffragiis
875 3242 1127 3300 fraudari
1147 3239 1628 3305 confundato'rem
1651 3274 1674 3304 ,
1720 3236 1831 3313 qui

95 3321 200 3375 sub
215 3322 325 3382 fide
350 3320 598 3399 duplicis
615 3320 1043 3380 hebdomadalis
1081 3316 1277 3380 Missae
1297 3314 1692 3396 capellaniam
1735 3317 1833 3369 in·-

93 3398 278 3456 ctituit
292 3436 314 3470 ,
351 3399 407 3457 ἅ
427 3401 537 3459 sub·
557 3399 759 3460 eadem
784 3397 897 3458 fide
916 3395 1190 3459 decessit.
1686 3404 1788 3525 ‘'D

485 3516 489 3517 ⁷
1788 3483 1844 3535 e:
