2518 3876
629 152 736 193 100
1235 155 1254 187 1
1276 155 1323 187 1.
1356 134 1504 189 Maii
1538 145 1701 211 ¹793.>

621 215 695 270 tis
718 213 946 268 Sctnctoe
979 210 1343 265 Piermartini
1376 210 1717 278 aclfhrmam
1741 215 1970 269 omnino
2017 218 2136 288 ejus
2164 212 2359 266 Tesm-

621 295 791 348 menti
815 327 828 342 .
870 288 952 341 Ex
978 286 1080 339 hac
1107 303 1241 339 vero
1264 285 1555 355 Rescripti
1575 288 1822 343 formula
1845 309 1974 345 cum
2003 288 2242 363 simplex
2269 303 2357 339 es-

621 380 706 422 set
730 376 999 420 maternae
1041 360 1425 433 dispositionis
1452 362 1785 435 Exequutor
1812 405 1830 432 9
1871 364 2153 439 quidquid
2200 366 2269 417 al)
2295 382 2359 416 ea

622 443 908 510 discrepat
935 478 951 504 9
977 439 1090 492 sive
1117 439 1305 510 quoad
1331 439 1699 496 imminutam
1745 441 1945 497 dotem
1974 483 1992 511 9
2018 444 2358 498 elec-tionem

620 516 836 575 Clerici
876 535 991 569 non
1019 516 1354 590 attingentis
1394 520 1761 574 conciliarem
1802 533 2072 585 aetatem,
2114 520 2360 591 permis-

617 611 857 668 samque
881 593 1190 649 absentiam
1238 597 1269 646 a
1315 592 1524 647 chorali
1561 598 1790 651 servitio
1828 614 2008 670 usque
2046 593 2115 650 ad
2136 611 2354 650 annum

621 689 715 742 25.
743 710 761 738 9
813 671 931 724 sive
959 669 1194 725 demum
1226 670 1416 742 quoad
1443 671 1577 726 alias
1614 691 1812 729 omnes
1839 673 2198 727 conditiones
2221 690 2358 727 cum

623 745 904 803 Canonici
950 748 1226 820 quastate
1277 760 1693 821 repugnantes9
1732 751 2006 805 inutiliter
2030 751 2359 804 Piermarti-

620 843 766 879 num
798 825 1123 878 novissimis
1149 823 1394 877 Tabulis,
1414 826 1635 892 jussisse
1659 839 1818 881 tenet
1845 847 1913 881 ex
1934 829 2159 903 vulgata
2186 845 2357 903 regu-

623 902 679 957 la
706 939 725 969 9
774 900 843 969 de
868 919 979 974 qua
1005 901 1341 955 Lambertin.
1364 902 1432 955 cle
1446 903 1697 976 sarepta.
1720 905 1811 959 lib.
1831 927 1884 980 3.
1915 913 2132 979 arziag.
2154 918 2357 979 quaest.

623 998 679 1052 5.
706 997 862 1033 mim.
893 997 947 1047 4.
978 1017 995 1045 9
1049 977 1274 1035 Vivicm.
1313 979 1440 1033 eorl.
1464 993 1624 1034 tract.
1651 981 1742 1035 lib.
1779 1001 1864 1053 14.
1897 1001 2020 1056 cap.
2051 1003 2104 1056 3.
2135 981 2352 1035 num.6.
2432 991 2435 993 ’

625 1054 695 1114 ὃς
718 1077 768 1130 7.
791 1093 808 1121 9
850 1056 1037 1110 Pilcm.
1064 1056 1289 1129 (liscept.
1315 1057 1504 1110 eccles.
1536 1076 1566 1109 2
1577 1077 1628 1131 5.
1683 1079 1837 1113 num.
1874 1080 1928 1131 9.
1958 1099 1975 1125 9
2024 1059 2092 1117 ὃς
2114 1058 2175 1111 S.
2206 1059 2358 1112 Con-

611 1139 876 1212 gregctlio
899 1133 956 1185 in
986 1133 1302 1187 Ariminen.
1329 1134 1709 1204 Coppellanice
1748 1140 1840 1191 26·
1872 1136 2165 1191 Februarii
2191 1152 2353 1210 ¹774.

624 1208 907 1265 Concedit
957 1208 1192 1281 quidem
1217 1249 1233 1277 9
1290 1225 1353 1266 ut
1401 1210 1679 1265 diversam
1730 1218 1855 1284 quis
1919 1217 1949 1266 a
2000 1212 2358 1268 Fundatione

623 1283 975 1359 quandoque
996 1286 1220 1361 Legem
1271 1286 1417 1341 ferre
1454 1291 1670 1360 possit9
1721 1290 1816 1343 sed
1867 1292 1976 1344 tria
2011 1292 2248 1362 requirit
2291 1304 2361 1342 ex

619 1365 901 1418 sententia
926 1362 1158 1418 S.R01ce
1184 1369 1240 1415 in
1267 1366 1463 1436 ἄραγε)
1470 1384 1521 1437 5.
1545 1368 1698 1419 n.26.
1726 1365 1780 1421 (Β
1800 1386 1914 1437 seq.
1943 1386 2050 1420 cor.
2078 1367 2314 1422 Olivotz‘o
2336 1384 2358 1432 ς

621 1440 775 1494 dotis
801 1458 1014 1511 nempe
1041 1453 1780 1515 augmentum9consensum
1811 1461 2002 1498 rursus
2025 1445 2295 1517 Episcopi
2324 1480 2344 1509 9

620 1518 1075 1572 &patronorum
1105 1556 1123 1583 9
1176 1519 1385 1591 quibus
1427 1518 1496 1572 ad
1542 1519 1780 1573 formam
1828 1522 2123 1593 primaevae
2147 1518 2356 1574 funda·-

616 1596 793 1650 tionis
849 1595 1155 1666 quaesitum
1203 1609 1321 1650 erat
1374 1594 1462 1662 jus
1521 1594 1593 1649 ad
1637 1595 1887 1651 futuram
1938 1595 2310 1653 praebendam
2334 1616 2353 1662 τ,

617 1688 874 1745 cumque
901 1670 971 1724 de
997 1672 1101 1726 hoc
1144 1691 1258 1726 non
1286 1684 1505 1727 constet
1537 1691 1809 1728 consensu
1831 1712 1850 1740 9
1889 1673 1958 1728 acl
1979 1685 2354 1749 augmentum

617 1747 769 1801 dotis
815 1744 971 1819 quod
1000 1752 1258 1820 pertinet
1289 1789 1306 1816 9
1357 1747 1496 1802 illud
1548 1769 1617 1803 ex
1665 1769 1734 1803 eo
1776 1765 1938 1825 negat
1967 1789 1985 1817 9
2028 1750 2181 1822 quod
2219 1751 2357 1805 licet

616 1823 822 1879 Sanc-ta
857 1822 927 1878 de
953 1843 1055 1878 suo
1077 1837 1301 1880 tantum
1328 1823 1500 1880 dotali
1531 1827 1768 1882 Creclito
1791 1841 2090 1882 scutorum
2116 1845 2246 1900 450.
2271 1824 2355 1879 di·

616 1918 859 1973 sponere
890 1903 1164 1972 potuisset
1186 1941 1202 1967 9
1243 1902 1394 1958 nulla
1423 1916 1614 1974 tamen
1655 1907 1710 1958 in
1738 1906 1970 1959 comuni
1998 1904 2181 1977 elogio
2210 1906 2354 1959 iacta

615 1989 700 2033 est
730 1977 1054 2032 patrimonii
1084 1977 1371 2034 distinctio
1396 2019 1415 2047 9
1455 1980 1552 2034 sed
1579 1991 1779 2036 omnes
1817 2001 1921 2054 pro
1956 1981 2203 2035 indiviso
2228 1979 2353 2034 Te·-

619 2065 860 2109 statores
884 2057 1233 2130 assignarunt
1258 2057 1570 2112 canonicali
1601 2056 1931 2114 praebendae
1952 2056 2354 2113 Latifundium

575 2201 583 2206 9
617 2130 712 2185 del
762 2130 1053 2200 Croczfisso
1077 2171 1094 2199 9
1135 2145 1306 2205 atque
1356 2133 1818 2191 Arundiuetum.
1878 2136 2178 2208 Quatenus
2216 2153 2355 2190 vero

623 2207 749 2265 haec
787 2207 1046 2264 facienda
1073 2228 1229 2265 nnnc
1253 2214 1321 2264 sit
1347 2250 1364 2277 9
1403 2212 1646 2269 advertit
1668 2252 1685 2278 9
1726 2211 2164 2268 PIermartinum
2196 2210 2353 2265 <iem-

619 2295 727 2357 pto
753 2283 1115 2341 Arundineto
1151 2282 1332 2341 unum
1379 2289 1704 2345 praebendae
1750 2291 2060 2345 restituisse
2088 2287 2352 2357 Prtgrliutn

618 2360 712 2415 del
735 2360 1027 2430 Crocifisso
1047 2402 1061 2417 .
1102 2365 1196 2418 Ab
1224 2364 1327 2419 hoc
1356 2380 1545 2422 autem
1578 2365 1798 2421 praedio
1837 2368 1969 2421 licet
1998 2365 2201 2420 valoris
2226 2382 2352 2420 scu-

615 2452 809 2494 torum
830 2440 985 2495 mille
1010 2440 1413 2497 detrahendam
1441 2457 1638 2500 monet
1678 2456 1993 2499 maternam
2023 2441 2220 2497 dotem
2245 2480 2264 2509 9
2292 2443 2349 2496 ὅ(

608 2517 927 2587 legitimam
970 2534 1159 2572 rursus
1205 2518 1422 2574 Sororis
1469 2560 1486 2588 9
1543 2535 1608 2576 ut
1676 2520 1809 2577 inde
1869 2517 2173 2577 concludat
2231 2538 2351 2574 non

608 2610 736 2647 eam
787 2589 857 2649 de
887 2611 991 2647 suo
1031 2595 1336 2650 contulisse
1376 2600 1728 2672 largitionem
1757 2635 1774 2665 9
1840 2616 1907 2653 ex
1946 2616 2058 2670 qua
2108 2597 2345 2669 insignis

605 2666 995 2725 Benefaetoris
1021 2689 1232 2726 nomen
1271 2678 1480 2730 mereri
1507 2675 1691 2730 valeat
1713 2713 1728 2728 .
1770 2673 1975 2746 Neque
1995 2673 2149 2726 enim
2172 2670 2344 2722 Soro-

605 2748 683 2799 ris
711 2747 968 2820 legitima
1018 2751 1078 2803 in
1101 2768 1169 2804 eo
1195 2749 1534 2807 Latifundio
1572 2750 1775 2806 cedere
1818 2758 2042 2821 poterat
2085 2746 2144 2796 in
2178 2746 2346 2815 pium

574 2821 774 2895 (Opus
800 2827 1202 2899 magistrarum
1231 2864 1249 2892 9
1289 2846 1361 2880 ne
1388 2828 1792 2882 simultaneum
1830 2824 2032 2879 Matris
2080 2820 2133 2874 ὅ(
2177 2820 2348 2874 Filiae

605 2897 1047 2956 Testamentum
1069 2940 1087 2968 9
1128 2903 1293 2970 cujus
1319 2903 1714 2962 Sanc-tissimus
1754 2903 1977 2959 firmam
1998 2895 2181 2957 voluit
2209 2915 2344 2954 exe-

605 2977 903 3032 cntionem
931 2981 990 3035 in
1013 2979 1232 3035 diversa
1256 2981 1543 3037 scindatur
1570 3021 1585 3036 .

531 3053 639 3110 His
677 3054 747 3109 de
772 3066 983 3110 caetero
1025 3058 1209 3112 missis
1248 3061 1660 3128 quaestionibus
1702 3054 1771 3109 ad
1809 3069 2114 3110 comunem
2151 3050 2344 3106 Cano--

609 3133 886 3187 nistarum
912 3132 1197 3208 Regulam
1225 3139 1488 3202 recurrit,
1510 3152 1621 3207 qua
1644 3143 1881 3189 cautum
1915 3141 1981 3184 nt
2021 3131 2167 3181 inter
2203 3129 2338 3201 plu-

610 3223 699 3260 res
725 3209 1005 3263 Dotantes
1031 3213 1163 3265 licet
1193 3213 1320 3283 quis
1348 3215 1540 3267 minus
1566 3208 1820 3267 conferat
1845 3245 1865 3273 9
1908 3203 2206 3276 aequaliter
2246 3215 2337 3260 ta-

608 3296 744 3337 men
781 3301 918 3337 cum
944 3286 1065 3339 aliis
1090 3288 1521 3360 Juspatronatus
1566 3283 1811 3356 acquirit
1836 3319 1854 3346 9
1896 3280 2107 3336 Garze‘ct
2147 3280 2215 3335 de
2231 3281 2337 3335 Be-

609 3357 722 3421 nef.
760 3370 912 3430 part.
937 3377 991 3431 5.
1013 3379 1138 3433 cap.
1168 3383 1223 3435 9.
1247 3382 1404 3417 num.
1436 3381 1527 3435 55.
1545 3399 1564 3427 9
1604 3359 1660 3417 dy
1681 3356 2012 3411 Lambertin.
2058 3357 2125 3410 cle
2146 3359 2341 3430 Jnrep..

610 3432 708 3491 lib.
735 3449 782 3485 1.
820 3445 974 3503 part.
1006 3454 1053 3487 1.
1078 3452 1274 3507 quaest.
1301 3458 1357 3511 3.
1405 3445 1563 3493 artic,
1582 3455 1636 3510 5.
1675 3451 1834 3488 num.
1868 3450 1916 3485 1.
1944 3429 2012 3490 &2
2037 3451 2090 3489 2.
2120 3471 2139 3500 9
2179 3433 2340 3507 quod

607 3504 848 3581 proinde
873 3508 945 3561 ob
972 3511 1247 3579 majorem
1270 3514 1625 3587 largitionem
1651 3510 1790 3563 alter
1817 3507 2086 3565 invadere
2109 3513 2331 3588 nequit,

2237 3596 2328 3642 at-
